Ticker,Date,Time,LTP,BuyPrice,BuyQty,SellPrice,SellQty,LTQ,OpenInterest
NIFTY-II.NFO,03/01/2022,09:15:00,17550,17459.2,200,17487.2,50,50,829700
NIFTY-II.NFO,03/01/2022,09:15:00,17550,17459.2,200,17487.2,50,0,829700
NIFTY-II.NFO,03/01/2022,09:15:00,17550,17459.2,200,17487.2,50,0,829700
NIFTY-II.NFO,03/01/2022,09:15:00,17550,17459.2,200,17487.2,50,0,829700
NIFTY-II.NFO,03/01/2022,09:15:01,17550,17459.25,200,17477.25,200,0,829700
NIFTY-II.NFO,03/01/2022,09:15:02,17550,17464.35,200,17482.45,200,0,829700
NIFTY-II.NFO,03/01/2022,09:15:03,17472.65,17473.75,200,17482.1,200,200,829700
NIFTY-II.NFO,03/01/2022,09:15:03,17472.65,17473.75,200,17482.1,200,0,829700
NIFTY-II.NFO,03/01/2022,09:15:03,17472.65,17473.75,200,17482.1,200,0,829700
NIFTY-II.NFO,03/01/2022,09:15:04,17494.8,17469.45,200,17494.8,100,450,829700
NIFTY-II.NFO,03/01/2022,09:15:05,17481.95,17469.65,200,17494.55,100,150,829700
NIFTY-II.NFO,03/01/2022,09:15:07,17475.25,17483,200,17489,50,200,829700
NIFTY-II.NFO,03/01/2022,09:15:08,17489,17486.45,200,17492.5,200,50,829700
NIFTY-II.NFO,03/01/2022,09:15:09,17489,17486.65,200,17490,50,0,829700
NIFTY-II.NFO,03/01/2022,09:15:10,17489,17485.5,350,17489,50,0,829700
NIFTY-II.NFO,03/01/2022,09:15:11,17489,17486.8,200,17489,50,0,829700
NIFTY-II.NFO,03/01/2022,09:15:12,17490.7,17490.7,100,17494.95,200,350,829700
NIFTY-II.NFO,03/01/2022,09:15:13,17498.2,17496.25,100,17499,50,150,829700
NIFTY-II.NFO,03/01/2022,09:15:14,17497.6,17499.85,50,17504.75,150,1100,829700
NIFTY-II.NFO,03/01/2022,09:15:15,17497.6,17498.1,100,17510.8,200,0,829700
NIFTY-II.NFO,03/01/2022,09:15:16,17509.55,17502.8,50,17508.15,200,100,829700
NIFTY-II.NFO,03/01/2022,09:15:17,17495.9,17497.9,100,17504,150,400,829700
NIFTY-II.NFO,03/01/2022,09:15:18,17495.9,17504.3,100,17509.3,200,0,829700
NIFTY-II.NFO,03/01/2022,09:15:19,17495.9,17500.35,100,17505.65,200,0,829700
NIFTY-II.NFO,03/01/2022,09:15:20,17503.55,17505.1,50,17510.25,200,50,829700
NIFTY-II.NFO,03/01/2022,09:15:21,17513.15,17505.15,50,17510.6,200,150,829700
NIFTY-II.NFO,03/01/2022,09:15:22,17513.15,17505.95,50,17510.5,200,0,829700
NIFTY-II.NFO,03/01/2022,09:15:23,17510.95,17508.05,200,17512.9,200,150,829700
NIFTY-II.NFO,03/01/2022,09:15:24,17511.05,17505.15,200,17512.25,100,100,829700
NIFTY-II.NFO,03/01/2022,09:15:25,17505.85,17508.1,200,17513.1,150,50,829700
NIFTY-II.NFO,03/01/2022,09:15:26,17506.9,17504.1,200,17510.8,200,50,829700
NIFTY-II.NFO,03/01/2022,09:15:27,17506.9,17504.1,250,17509.7,200,0,829700
NIFTY-II.NFO,03/01/2022,09:15:28,17506.9,17503.6,200,17508.45,200,0,829700
NIFTY-II.NFO,03/01/2022,09:15:29,17506.9,17503.55,50,17505.5,200,0,829700
NIFTY-II.NFO,03/01/2022,09:15:30,17503.55,17500,50,17503.65,250,150,829700
NIFTY-II.NFO,03/01/2022,09:15:31,17500,17493.4,200,17499.9,250,50,829700
NIFTY-II.NFO,03/01/2022,09:15:32,17499.95,17495.1,350,17500.65,150,350,829700
NIFTY-II.NFO,03/01/2022,09:15:33,17499.95,17495.75,200,17501.45,150,0,829700
NIFTY-II.NFO,03/01/2022,09:15:34,17499.95,17493.85,200,17500.95,150,0,829700
NIFTY-II.NFO,03/01/2022,09:15:35,17493.95,17498.4,200,17504.7,50,50,829700
NIFTY-II.NFO,03/01/2022,09:15:36,17493.95,17494.6,200,17501.8,50,0,829700
NIFTY-II.NFO,03/01/2022,09:15:37,17499.35,17498.2,200,17503.1,150,100,829700
NIFTY-II.NFO,03/01/2022,09:15:38,17497.25,17498.65,200,17505.2,200,150,829700
NIFTY-II.NFO,03/01/2022,09:15:39,17497.25,17499.05,200,17504.75,200,0,829700
NIFTY-II.NFO,03/01/2022,09:15:40,17500,17498.7,200,17502.8,150,100,829700
NIFTY-II.NFO,03/01/2022,09:15:41,17500,17498.9,200,17504.65,300,0,829700
NIFTY-II.NFO,03/01/2022,09:15:42,17505.35,17499.55,200,17505.85,150,200,829700
NIFTY-II.NFO,03/01/2022,09:15:43,17505.35,17499.35,200,17505.9,300,0,829700
NIFTY-II.NFO,03/01/2022,09:15:44,17505.35,17498.9,200,17504.35,150,0,829700
NIFTY-II.NFO,03/01/2022,09:15:45,17505.3,17501.05,150,17505.8,200,200,829700
NIFTY-II.NFO,03/01/2022,09:15:46,17505.3,17500.5,150,17505.4,350,0,829700
NIFTY-II.NFO,03/01/2022,09:15:47,17505.3,17501.6,150,17506,200,0,829700
NIFTY-II.NFO,03/01/2022,09:15:48,17505.3,17500.8,350,17505.8,200,0,829700
NIFTY-II.NFO,03/01/2022,09:15:49,17505.3,17502.35,150,17506.85,200,0,829700
NIFTY-II.NFO,03/01/2022,09:15:50,17502.35,17502,100,17506.85,200,50,829700
NIFTY-II.NFO,03/01/2022,09:15:51,17502.35,17502.2,250,17506.9,50,0,829700
NIFTY-II.NFO,03/01/2022,09:15:52,17502.2,17501.7,50,17505.3,150,50,829700
NIFTY-II.NFO,03/01/2022,09:15:53,17502.2,17502.1,50,17505.8,50,0,829700
NIFTY-II.NFO,03/01/2022,09:15:54,17502.2,17502.95,200,17505.8,50,0,829700
NIFTY-II.NFO,03/01/2022,09:15:55,17503.55,17502.9,50,17505.8,50,50,829700
NIFTY-II.NFO,03/01/2022,09:15:56,17503.55,17502,50,17505.8,50,0,829700
NIFTY-II.NFO,03/01/2022,09:15:57,17503.55,17501.35,50,17505,100,0,829700
NIFTY-II.NFO,03/01/2022,09:15:58,17505.8,17503.4,50,17506.9,50,200,829700
NIFTY-II.NFO,03/01/2022,09:15:59,17500.75,17500.75,50,17504.9,200,300,829700
NIFTY-II.NFO,03/01/2022,09:16:00,17500.75,17503.55,50,17506.9,50,0,829700
NIFTY-II.NFO,03/01/2022,09:16:02,17500.75,17503.7,50,17506.9,50,0,829700
NIFTY-II.NFO,03/01/2022,09:16:03,17505.6,17504.15,50,17506.9,50,50,829700
NIFTY-II.NFO,03/01/2022,09:16:04,17505.6,17504.2,50,17506.9,50,0,829700
NIFTY-II.NFO,03/01/2022,09:16:05,17506.9,17505.45,100,17509.5,350,100,829700
NIFTY-II.NFO,03/01/2022,09:16:06,17504.9,17505.3,250,17510.3,350,200,829700
NIFTY-II.NFO,03/01/2022,09:16:07,17504.9,17505.5,150,17510.3,200,0,829700
NIFTY-II.NFO,03/01/2022,09:16:08,17510.3,17506.05,50,17510.35,50,50,829700
NIFTY-II.NFO,03/01/2022,09:16:09,17506.65,17506.75,200,17510.35,50,100,829700
NIFTY-II.NFO,03/01/2022,09:16:10,17506.65,17506.75,200,17510.35,50,0,829700
NIFTY-II.NFO,03/01/2022,09:16:11,17506.65,17507,200,17510.35,50,0,829700
NIFTY-II.NFO,03/01/2022,09:16:12,17506.65,17507.95,200,17510.35,50,0,829700
NIFTY-II.NFO,03/01/2022,09:16:13,17506.65,17508.15,200,17510.35,50,0,829700
NIFTY-II.NFO,03/01/2022,09:16:14,17506.65,17508.05,200,17509,50,0,829700
NIFTY-II.NFO,03/01/2022,09:16:15,17510,17508.95,200,17510.35,50,100,829700
NIFTY-II.NFO,03/01/2022,09:16:16,17509.15,17509.5,200,17512.95,200,100,829700
NIFTY-II.NFO,03/01/2022,09:16:17,17509.15,17509.75,200,17512.95,200,0,829700
NIFTY-II.NFO,03/01/2022,09:16:18,17512.95,17510.65,350,17512.95,200,100,829700
NIFTY-II.NFO,03/01/2022,09:16:19,17512.95,17511.7,150,17513,1200,0,829700
NIFTY-II.NFO,03/01/2022,09:16:20,17511.7,17511.2,50,17513,1200,50,829700
NIFTY-II.NFO,03/01/2022,09:16:21,17513,17512.5,50,17513,600,650,829700
NIFTY-II.NFO,03/01/2022,09:16:22,17513,17512.5,50,17513,600,0,829700
NIFTY-II.NFO,03/01/2022,09:16:23,17513,17514.1,50,17515,50,600,829700
NIFTY-II.NFO,03/01/2022,09:16:24,17514.25,17514.2,200,17518.65,200,100,829700
NIFTY-II.NFO,03/01/2022,09:16:25,17514.25,17514.85,100,17519.05,200,0,829700
NIFTY-II.NFO,03/01/2022,09:16:26,17514.95,17514.95,150,17518.55,350,50,829700
NIFTY-II.NFO,03/01/2022,09:16:27,17514.95,17514.95,150,17518.45,350,0,829700
NIFTY-II.NFO,03/01/2022,09:16:28,17515.1,17515.6,100,17519,200,50,829700
NIFTY-II.NFO,03/01/2022,09:16:29,17515.1,17515.6,100,17518.95,200,0,829700
NIFTY-II.NFO,03/01/2022,09:16:30,17516.35,17516.45,100,17519.7,200,100,829700
NIFTY-II.NFO,03/01/2022,09:16:31,17516.35,17517.1,100,17519.9,350,0,829700
NIFTY-II.NFO,03/01/2022,09:16:32,17519.95,17517.9,100,17519.95,200,50,829700
NIFTY-II.NFO,03/01/2022,09:16:33,17519.95,17518.65,100,17519.95,200,0,829700
NIFTY-II.NFO,03/01/2022,09:16:34,17519.95,17518.65,100,17520,700,0,829700
NIFTY-II.NFO,03/01/2022,09:16:35,17520,17519.7,250,17520,600,100,829700
NIFTY-II.NFO,03/01/2022,09:16:36,17520,17519.85,250,17520,600,0,829700
NIFTY-II.NFO,03/01/2022,09:16:37,17520,17519.95,50,17520,600,0,829700
NIFTY-II.NFO,03/01/2022,09:16:38,17520,17519.1,150,17520,50,600,829700
NIFTY-II.NFO,03/01/2022,09:16:39,17524.65,17520,50,17523.65,350,100,829700
NIFTY-II.NFO,03/01/2022,09:16:40,17520,17519.95,50,17524.2,200,50,829700
NIFTY-II.NFO,03/01/2022,09:16:41,17520,17520,50,17524.25,200,0,829700
NIFTY-II.NFO,03/01/2022,09:16:42,17520.55,17520.5,200,17524.95,200,100,829700
NIFTY-II.NFO,03/01/2022,09:16:43,17520.55,17521.9,250,17525,150,0,829700
NIFTY-II.NFO,03/01/2022,09:16:44,17521.5,17522.7,50,17525,150,200,829700
NIFTY-II.NFO,03/01/2022,09:16:45,17521.5,17523.55,200,17525,150,0,829700
NIFTY-II.NFO,03/01/2022,09:16:46,17521.5,17522.95,200,17525,150,0,829700
NIFTY-II.NFO,03/01/2022,09:16:47,17521.5,17523.55,150,17525,200,0,829700
NIFTY-II.NFO,03/01/2022,09:16:48,17525,17523.35,100,17525,150,300,829700
NIFTY-II.NFO,03/01/2022,09:16:49,17522.1,17522.75,50,17525,150,50,829700
NIFTY-II.NFO,03/01/2022,09:16:50,17525,17521.7,50,17525.1,50,150,829700
NIFTY-II.NFO,03/01/2022,09:16:51,17525,17521.5,50,17525.1,50,0,829700
NIFTY-II.NFO,03/01/2022,09:16:52,17525,17522.5,100,17525.1,50,0,829700
NIFTY-II.NFO,03/01/2022,09:16:53,17525,17522.85,150,17525.1,50,0,829700
NIFTY-II.NFO,03/01/2022,09:16:54,17527.4,17524.8,50,17527.4,200,200,829700
NIFTY-II.NFO,03/01/2022,09:16:55,17524.1,17522.75,100,17527,350,50,829700
NIFTY-II.NFO,03/01/2022,09:16:56,17524.1,17522.75,100,17526.4,350,0,829700
NIFTY-II.NFO,03/01/2022,09:16:57,17524.1,17522.2,100,17525,150,0,829700
NIFTY-II.NFO,03/01/2022,09:16:58,17524.1,17522.25,100,17526.2,200,0,829700
NIFTY-II.NFO,03/01/2022,09:16:59,17524.1,17521.55,100,17525,50,0,829700
NIFTY-II.NFO,03/01/2022,09:17:00,17524.1,17522,150,17524.45,200,0,829700
NIFTY-II.NFO,03/01/2022,09:17:01,17523.95,17521.8,150,17524.2,150,50,829700
NIFTY-II.NFO,03/01/2022,09:17:02,17524.75,17521.5,50,17524.5,200,50,829700
NIFTY-II.NFO,03/01/2022,09:17:03,17524.75,17521.8,150,17524.65,200,0,829700
NIFTY-II.NFO,03/01/2022,09:17:04,17524.75,17521.55,150,17522.25,50,0,829700
NIFTY-II.NFO,03/01/2022,09:17:05,17521.55,17521.5,50,17522.25,50,50,829700
NIFTY-II.NFO,03/01/2022,09:17:06,17521.55,17521.5,50,17522.25,50,0,829700
NIFTY-II.NFO,03/01/2022,09:17:08,17521.55,17521.5,150,17522.25,50,0,829700
NIFTY-II.NFO,03/01/2022,09:17:09,17521.55,17521.8,150,17522.25,50,0,829700
NIFTY-II.NFO,03/01/2022,09:17:10,17523,17522.5,100,17524.75,50,150,829700
NIFTY-II.NFO,03/01/2022,09:17:11,17522.6,17523.8,150,17524.75,50,150,829700
NIFTY-II.NFO,03/01/2022,09:17:12,17524.75,17524,50,17524.8,50,50,829700
NIFTY-II.NFO,03/01/2022,09:17:13,17524.8,17524.8,100,17525,250,100,829700
NIFTY-II.NFO,03/01/2022,09:17:14,17525.2,17526.45,100,17529,200,300,829700
NIFTY-II.NFO,03/01/2022,09:17:15,17525.2,17527.45,100,17529,200,0,829700
NIFTY-II.NFO,03/01/2022,09:17:16,17525.2,17528.2,100,17529,200,0,829750
NIFTY-II.NFO,03/01/2022,09:17:17,17529,17529.1,100,17530,150,200,829750
NIFTY-II.NFO,03/01/2022,09:17:18,17529,17529.45,100,17530,150,0,829750
NIFTY-II.NFO,03/01/2022,09:17:19,17532,17529.65,50,17532.65,150,250,829750
NIFTY-II.NFO,03/01/2022,09:17:20,17529.6,17529.8,50,17533.75,200,100,829750
NIFTY-II.NFO,03/01/2022,09:17:21,17529.8,17529.25,100,17532.85,200,50,829750
NIFTY-II.NFO,03/01/2022,09:17:24,17530.2,17529.45,50,17533.75,200,50,829750
NIFTY-II.NFO,03/01/2022,09:17:25,17530,17530.6,50,17533.6,200,50,829750
NIFTY-II.NFO,03/01/2022,09:17:26,17530,17531.35,100,17534,50,0,829750
NIFTY-II.NFO,03/01/2022,09:17:27,17531.85,17531.75,300,17534,50,50,829750
NIFTY-II.NFO,03/01/2022,09:17:28,17531.85,17531.75,300,17534,50,0,829750
NIFTY-II.NFO,03/01/2022,09:17:29,17531.85,17531.95,250,17534,50,0,829750
NIFTY-II.NFO,03/01/2022,09:17:30,17531.85,17533.2,50,17534,50,0,829750
NIFTY-II.NFO,03/01/2022,09:17:31,17531.85,17531.65,150,17534,50,0,829750
NIFTY-II.NFO,03/01/2022,09:17:32,17531.85,17532.6,250,17534,50,0,829750
NIFTY-II.NFO,03/01/2022,09:17:34,17532.8,17529.85,250,17534,50,50,829750
NIFTY-II.NFO,03/01/2022,09:17:34,17532.8,17529.8,400,17530,50,0,829750
NIFTY-II.NFO,03/01/2022,09:17:35,17530,17529.75,250,17532,50,450,829750
NIFTY-II.NFO,03/01/2022,09:17:36,17529.45,17528,150,17531.9,200,50,829750
NIFTY-II.NFO,03/01/2022,09:17:37,17531.95,17527.45,100,17530.8,100,50,829750
NIFTY-II.NFO,03/01/2022,09:17:39,17531.95,17528,200,17531.45,150,0,829750
NIFTY-II.NFO,03/01/2022,09:17:39,17531.95,17526.6,200,17530.8,200,0,829750
NIFTY-II.NFO,03/01/2022,09:17:40,17530.55,17526.55,200,17529.65,100,100,829750
NIFTY-II.NFO,03/01/2022,09:17:41,17530.55,17525,50,17528.55,200,0,829750
NIFTY-II.NFO,03/01/2022,09:17:42,17530.55,17522.75,50,17526.35,200,0,829750
NIFTY-II.NFO,03/01/2022,09:17:44,17530.55,17522,50,17525.55,200,0,829750
NIFTY-II.NFO,03/01/2022,09:17:44,17530.55,17522,50,17525.4,350,0,829750
NIFTY-II.NFO,03/01/2022,09:17:45,17530.55,17522,50,17525,150,0,829750
NIFTY-II.NFO,03/01/2022,09:17:46,17522,17521.95,150,17526.25,150,50,829750
NIFTY-II.NFO,03/01/2022,09:17:47,17522,17525.05,200,17527.45,50,0,829750
NIFTY-II.NFO,03/01/2022,09:17:49,17527.45,17526,150,17529.45,50,50,829750
NIFTY-II.NFO,03/01/2022,09:17:49,17527.45,17526.05,150,17529.45,50,0,829750
NIFTY-II.NFO,03/01/2022,09:17:50,17527.45,17526.35,300,17529.45,50,0,829750
NIFTY-II.NFO,03/01/2022,09:17:51,17530.55,17528.5,150,17531,50,150,829750
NIFTY-II.NFO,03/01/2022,09:17:52,17528.75,17528.85,50,17531,50,100,829750
NIFTY-II.NFO,03/01/2022,09:17:54,17528.8,17529.2,50,17532,150,100,829750
NIFTY-II.NFO,03/01/2022,09:17:54,17528.8,17529.3,250,17532,150,0,829750
NIFTY-II.NFO,03/01/2022,09:17:55,17531,17530.75,50,17532,150,50,829750
NIFTY-II.NFO,03/01/2022,09:17:56,17531.5,17531.55,50,17534.7,150,350,829750
NIFTY-II.NFO,03/01/2022,09:17:57,17531.55,17530.75,400,17534.6,150,50,829750
NIFTY-II.NFO,03/01/2022,09:17:59,17531.55,17530.55,150,17533.15,200,0,829750
NIFTY-II.NFO,03/01/2022,09:17:59,17531.55,17530.55,150,17533.85,200,0,829750
NIFTY-II.NFO,03/01/2022,09:18:00,17533.25,17530.6,100,17534,150,100,829750
NIFTY-II.NFO,03/01/2022,09:18:01,17532,17531.35,100,17535,50,50,829750
NIFTY-II.NFO,03/01/2022,09:18:02,17532,17531.95,100,17535,50,0,829750
NIFTY-II.NFO,03/01/2022,09:18:04,17532,17530.95,100,17534.95,200,0,829750
NIFTY-II.NFO,03/01/2022,09:18:04,17532,17530.6,100,17534.55,350,0,829750
NIFTY-II.NFO,03/01/2022,09:18:05,17532,17530.6,100,17534.5,200,0,829750
NIFTY-II.NFO,03/01/2022,09:18:06,17532,17530.1,200,17534.4,200,0,829750
NIFTY-II.NFO,03/01/2022,09:18:07,17531.2,17530.95,250,17535,50,200,829750
NIFTY-II.NFO,03/01/2022,09:18:09,17535,17532.25,150,17536.05,200,50,829750
NIFTY-II.NFO,03/01/2022,09:18:09,17535,17530.4,50,17534.95,350,0,829750
NIFTY-II.NFO,03/01/2022,09:18:10,17533.05,17532.2,250,17537,200,50,829750
NIFTY-II.NFO,03/01/2022,09:18:11,17533.05,17533.55,150,17537.4,350,0,829750
NIFTY-II.NFO,03/01/2022,09:18:12,17533.55,17532.35,50,17537.2,350,50,829750
NIFTY-II.NFO,03/01/2022,09:18:13,17533.55,17532.45,100,17536.75,200,0,829750
NIFTY-II.NFO,03/01/2022,09:18:15,17533.55,17533.85,100,17537.65,200,0,829750
NIFTY-II.NFO,03/01/2022,09:18:15,17533.55,17533.85,100,17537.75,200,0,829750
NIFTY-II.NFO,03/01/2022,09:18:16,17534.3,17534.65,150,17538.45,200,50,829750
NIFTY-II.NFO,03/01/2022,09:18:17,17533.6,17532,50,17535.75,200,50,829750
NIFTY-II.NFO,03/01/2022,09:18:18,17533.6,17533.1,100,17538.55,200,0,829750
NIFTY-II.NFO,03/01/2022,09:18:19,17533.6,17532.85,50,17535,50,50,829750
NIFTY-II.NFO,03/01/2022,09:18:20,17533.6,17532.35,50,17535,50,0,829750
NIFTY-II.NFO,03/01/2022,09:18:21,17533.6,17532.2,250,17535,50,0,829750
NIFTY-II.NFO,03/01/2022,09:18:22,17536.35,17531.8,50,17535.6,150,100,829750
NIFTY-II.NFO,03/01/2022,09:18:23,17531.75,17531.9,200,17535.4,200,100,829750
NIFTY-II.NFO,03/01/2022,09:18:24,17531.95,17533.6,450,17537.1,150,50,829750
NIFTY-II.NFO,03/01/2022,09:18:25,17531.95,17534.9,200,17537.6,150,0,829750
NIFTY-II.NFO,03/01/2022,09:18:26,17531.95,17534.9,200,17537.85,200,0,829750
NIFTY-II.NFO,03/01/2022,09:18:27,17534,17534.45,200,17537.1,150,200,829750
NIFTY-II.NFO,03/01/2022,09:18:28,17534,17534.65,200,17537.05,150,0,829750
NIFTY-II.NFO,03/01/2022,09:18:29,17534,17533.55,150,17536.45,150,0,829750
NIFTY-II.NFO,03/01/2022,09:18:30,17537.1,17534.8,200,17537.25,100,50,829750
NIFTY-II.NFO,03/01/2022,09:18:31,17534.8,17534.85,100,17537.3,100,100,829750
NIFTY-II.NFO,03/01/2022,09:18:32,17534.8,17536.35,150,17537.2,150,0,829750
NIFTY-II.NFO,03/01/2022,09:18:33,17536.35,17536.35,100,17537.2,150,50,829750
NIFTY-II.NFO,03/01/2022,09:18:34,17536.35,17536.35,50,17537.05,150,50,829750
NIFTY-II.NFO,03/01/2022,09:18:35,17534.9,17535.3,50,17537.8,150,100,829750
NIFTY-II.NFO,03/01/2022,09:18:36,17534.9,17535.3,50,17538.25,200,0,829750
NIFTY-II.NFO,03/01/2022,09:18:37,17535.35,17534.15,150,17537.5,150,50,829750
NIFTY-II.NFO,03/01/2022,09:18:38,17535.35,17534,400,17537.8,150,0,829750
NIFTY-II.NFO,03/01/2022,09:18:39,17537,17534.2,150,17537.1,150,50,829750
NIFTY-II.NFO,03/01/2022,09:18:40,17534.15,17534.35,150,17538.35,200,50,829750
NIFTY-II.NFO,03/01/2022,09:18:41,17534.15,17534.05,400,17536.35,50,0,829750
NIFTY-II.NFO,03/01/2022,09:18:42,17534.15,17534,50,17536.35,50,0,829750
NIFTY-II.NFO,03/01/2022,09:18:43,17534.15,17534.25,150,17536.35,50,0,829750
NIFTY-II.NFO,03/01/2022,09:18:44,17534.15,17534.65,200,17536.35,50,0,829750
NIFTY-II.NFO,03/01/2022,09:18:45,17534.15,17534.7,250,17536.35,50,0,829750
NIFTY-II.NFO,03/01/2022,09:18:46,17534.15,17535.15,200,17536.35,50,0,829750
NIFTY-II.NFO,03/01/2022,09:18:47,17534.15,17535.8,200,17536,50,0,829750
NIFTY-II.NFO,03/01/2022,09:18:48,17534.15,17535.95,200,17536,50,0,829750
NIFTY-II.NFO,03/01/2022,09:18:49,17536,17536.25,150,17536.35,50,50,829750
NIFTY-II.NFO,03/01/2022,09:18:50,17536.35,17536.45,150,17539.95,200,50,829750
NIFTY-II.NFO,03/01/2022,09:18:51,17536.8,17537.1,100,17539.95,200,50,829750
NIFTY-II.NFO,03/01/2022,09:18:52,17537.2,17537.35,50,17539.95,200,50,829750
NIFTY-II.NFO,03/01/2022,09:18:53,17537.55,17538,100,17540,400,50,829750
NIFTY-II.NFO,03/01/2022,09:18:54,17537.55,17538.35,100,17540,650,0,829750
NIFTY-II.NFO,03/01/2022,09:18:55,17537.55,17538.9,100,17540,650,0,829750
NIFTY-II.NFO,03/01/2022,09:18:56,17537.55,17539.3,100,17540,650,0,829750
NIFTY-II.NFO,03/01/2022,09:18:57,17540,17539.4,100,17540,600,50,829750
NIFTY-II.NFO,03/01/2022,09:18:58,17540,17539.05,100,17540,550,50,829750
NIFTY-II.NFO,03/01/2022,09:18:59,17540.45,17540.35,100,17540.6,50,600,829750
NIFTY-II.NFO,03/01/2022,09:19:00,17540.45,17540.55,100,17540.6,50,0,829750
NIFTY-II.NFO,03/01/2022,09:19:01,17540.6,17540.8,50,17542,100,50,829750
NIFTY-II.NFO,03/01/2022,09:19:02,17540.6,17540.65,50,17542,100,0,829750
NIFTY-II.NFO,03/01/2022,09:19:03,17540.6,17539.9,150,17542,100,0,829750
NIFTY-II.NFO,03/01/2022,09:19:04,17540.6,17540.5,50,17542,100,0,829750
NIFTY-II.NFO,03/01/2022,09:19:05,17540.6,17540.6,50,17542,100,0,829750
NIFTY-II.NFO,03/01/2022,09:19:06,17544.75,17541.55,400,17544.85,400,500,829750
NIFTY-II.NFO,03/01/2022,09:19:07,17544.75,17541.05,400,17544.85,400,0,829750
NIFTY-II.NFO,03/01/2022,09:19:08,17541.05,17541.5,400,17544.35,400,100,829750
NIFTY-II.NFO,03/01/2022,09:19:09,17544.35,17541.6,400,17544.85,200,200,829750
NIFTY-II.NFO,03/01/2022,09:19:10,17544.35,17541.7,400,17544.7,200,0,829750
NIFTY-II.NFO,03/01/2022,09:19:11,17544.35,17541.6,450,17544.65,200,0,829750
NIFTY-II.NFO,03/01/2022,09:19:12,17544.35,17542.85,400,17544.9,50,0,829750
NIFTY-II.NFO,03/01/2022,09:19:13,17544.35,17543.2,250,17544.9,50,0,829750
NIFTY-II.NFO,03/01/2022,09:19:14,17544.1,17544.1,400,17547.6,200,300,829750
NIFTY-II.NFO,03/01/2022,09:19:15,17544.1,17544.6,400,17547.95,200,0,829750
NIFTY-II.NFO,03/01/2022,09:19:16,17544.6,17544.2,350,17547.95,400,250,829750
NIFTY-II.NFO,03/01/2022,09:19:18,17547.95,17545,400,17548,150,50,829750
NIFTY-II.NFO,03/01/2022,09:19:19,17547.95,17544.6,400,17548,150,0,829750
NIFTY-II.NFO,03/01/2022,09:19:20,17545.65,17545.7,300,17548,150,100,829750
NIFTY-II.NFO,03/01/2022,09:19:21,17546.15,17545.5,250,17547,50,50,829750
NIFTY-II.NFO,03/01/2022,09:19:22,17547,17546.5,200,17548,100,100,829750
NIFTY-II.NFO,03/01/2022,09:19:23,17549.95,17546.6,300,17549.95,400,250,829750
NIFTY-II.NFO,03/01/2022,09:19:24,17546.2,17546.3,300,17550,250,100,829750
NIFTY-II.NFO,03/01/2022,09:19:25,17546.8,17545.25,250,17549.15,400,50,829750
NIFTY-II.NFO,03/01/2022,09:19:26,17546.8,17545.85,250,17549.8,400,0,829750
NIFTY-II.NFO,03/01/2022,09:19:27,17546.8,17546.6,250,17549.95,400,0,829750
NIFTY-II.NFO,03/01/2022,09:19:28,17549.95,17546.7,300,17549.95,400,50,829750
NIFTY-II.NFO,03/01/2022,09:19:29,17547,17546.85,300,17550,300,50,829750
NIFTY-II.NFO,03/01/2022,09:19:30,17547,17546.65,50,17549.75,400,0,829750
NIFTY-II.NFO,03/01/2022,09:19:31,17547,17546,300,17549.35,550,0,829750
NIFTY-II.NFO,03/01/2022,09:19:32,17547,17545.1,300,17547.95,400,0,829750
NIFTY-II.NFO,03/01/2022,09:19:33,17547.95,17545,50,17547.8,150,150,829750
NIFTY-II.NFO,03/01/2022,09:19:34,17547.95,17545.05,400,17548,50,0,829750
NIFTY-II.NFO,03/01/2022,09:19:36,17547.95,17545.45,400,17548,50,0,829750
NIFTY-II.NFO,03/01/2022,09:19:37,17547,17545.4,400,17548,50,50,829750
NIFTY-II.NFO,03/01/2022,09:19:38,17547,17545.55,450,17548,50,0,829750
NIFTY-II.NFO,03/01/2022,09:19:39,17548,17545.65,450,17548.85,400,50,829750
NIFTY-II.NFO,03/01/2022,09:19:40,17549.5,17545.75,400,17549.45,400,100,829750
NIFTY-II.NFO,03/01/2022,09:19:41,17545.35,17545.6,350,17548.9,550,50,829750
NIFTY-II.NFO,03/01/2022,09:19:42,17545.35,17545.7,350,17549.75,400,0,829750
NIFTY-II.NFO,03/01/2022,09:19:43,17545.35,17545.6,350,17548.9,400,0,829750
NIFTY-II.NFO,03/01/2022,09:19:44,17545.35,17545.7,350,17549.6,550,0,829750
NIFTY-II.NFO,03/01/2022,09:19:45,17545.6,17545.65,300,17549.1,400,100,829750
NIFTY-II.NFO,03/01/2022,09:19:46,17545.6,17545.75,300,17548.9,400,0,829750
NIFTY-II.NFO,03/01/2022,09:19:47,17545.6,17545.75,300,17549.2,550,0,829750
NIFTY-II.NFO,03/01/2022,09:19:48,17545.6,17545.75,300,17548.9,400,0,829750
NIFTY-II.NFO,03/01/2022,09:19:49,17545.6,17545.85,300,17548.95,150,0,829750
NIFTY-II.NFO,03/01/2022,09:19:50,17545.75,17545.75,250,17548.9,400,50,829750
NIFTY-II.NFO,03/01/2022,09:19:51,17545.75,17545.65,250,17549,150,0,829750
NIFTY-II.NFO,03/01/2022,09:19:52,17545.75,17546.5,250,17549.95,400,0,829750
NIFTY-II.NFO,03/01/2022,09:19:53,17545.75,17546.9,50,17549.95,400,0,829750
NIFTY-II.NFO,03/01/2022,09:19:54,17545.75,17547.45,250,17550,350,0,829750
NIFTY-II.NFO,03/01/2022,09:19:55,17545.75,17548.1,50,17550,350,0,829750
NIFTY-II.NFO,03/01/2022,09:19:56,17550,17550.1,250,17553.4,400,350,829750
NIFTY-II.NFO,03/01/2022,09:19:57,17550.65,17550.3,200,17553.85,400,100,829750
NIFTY-II.NFO,03/01/2022,09:19:57,17550.65,17550.3,200,17553.85,400,0,829750
NIFTY-II.NFO,03/01/2022,09:19:58,17550.85,17550.85,150,17553.65,150,50,829750
NIFTY-II.NFO,03/01/2022,09:19:58,17550.85,17550.85,150,17553.65,150,0,829750
NIFTY-II.NFO,03/01/2022,09:19:59,17550.85,17548.75,150,17552.3,550,0,829750
NIFTY-II.NFO,03/01/2022,09:20:00,17550.85,17550.85,50,17553.4,400,0,829750
NIFTY-II.NFO,03/01/2022,09:20:01,17550.85,17551.5,150,17554.35,100,0,829750
NIFTY-II.NFO,03/01/2022,09:20:02,17554.3,17550.65,250,17554.35,100,100,829750
NIFTY-II.NFO,03/01/2022,09:20:02,17554.3,17550.65,250,17554.35,100,0,829750
NIFTY-II.NFO,03/01/2022,09:20:03,17555,17549.7,250,17553.5,400,150,829750
NIFTY-II.NFO,03/01/2022,09:20:03,17555,17549.7,250,17553.5,400,0,829750
NIFTY-II.NFO,03/01/2022,09:20:04,17551,17551.7,200,17555.75,400,50,829750
NIFTY-II.NFO,03/01/2022,09:20:05,17551,17552,200,17555.6,400,0,829750
NIFTY-II.NFO,03/01/2022,09:20:06,17554.3,17551.65,100,17554.25,50,150,829750
NIFTY-II.NFO,03/01/2022,09:20:07,17555.35,17551.8,50,17555.5,400,100,829750
NIFTY-II.NFO,03/01/2022,09:20:07,17555.35,17551.8,50,17555.5,400,0,829750
NIFTY-II.NFO,03/01/2022,09:20:08,17555.35,17551.7,50,17555.35,400,50,829750
NIFTY-II.NFO,03/01/2022,09:20:09,17555.35,17551.7,50,17555.8,150,0,829750
NIFTY-II.NFO,03/01/2022,09:20:10,17553.65,17550.55,100,17553.65,400,50,829750
NIFTY-II.NFO,03/01/2022,09:20:11,17553.65,17550.3,100,17554,150,0,829750
NIFTY-II.NFO,03/01/2022,09:20:12,17554.75,17551,50,17553.1,150,50,829750
NIFTY-II.NFO,03/01/2022,09:20:13,17550,17550,50,17551.65,50,100,829750
NIFTY-II.NFO,03/01/2022,09:20:14,17553.65,17550.3,200,17553.7,50,100,829750
NIFTY-II.NFO,03/01/2022,09:20:15,17553.65,17550,50,17552,400,0,829750
NIFTY-II.NFO,03/01/2022,09:20:16,17553.65,17550,50,17552.3,400,0,829750
NIFTY-II.NFO,03/01/2022,09:20:17,17553.65,17550,100,17552.9,400,0,829750
NIFTY-II.NFO,03/01/2022,09:20:17,17553.65,17550,100,17552.75,400,0,829750
NIFTY-II.NFO,03/01/2022,09:20:18,17553.65,17550,100,17552.1,400,0,829750
NIFTY-II.NFO,03/01/2022,09:20:19,17553.65,17550,100,17552.15,650,0,829750
NIFTY-II.NFO,03/01/2022,09:20:20,17553.65,17550,100,17551.75,400,0,829750
NIFTY-II.NFO,03/01/2022,09:20:21,17553.65,17550,100,17552.1,400,0,829750
NIFTY-II.NFO,03/01/2022,09:20:22,17553.65,17550,100,17552.9,400,0,829750
NIFTY-II.NFO,03/01/2022,09:20:23,17550,17548.35,200,17551.95,550,100,829750
NIFTY-II.NFO,03/01/2022,09:20:24,17550,17548.6,200,17550,50,0,829750
NIFTY-II.NFO,03/01/2022,09:20:25,17550,17549.35,200,17552.95,650,50,829750
NIFTY-II.NFO,03/01/2022,09:20:26,17550,17550,50,17552.3,400,0,829750
NIFTY-II.NFO,03/01/2022,09:20:27,17550,17549.3,50,17552.2,400,50,829750
NIFTY-II.NFO,03/01/2022,09:20:28,17550,17548.25,200,17551.45,400,0,829750
NIFTY-II.NFO,03/01/2022,09:20:29,17550,17547.45,200,17550.4,150,0,829750
NIFTY-II.NFO,03/01/2022,09:20:30,17550,17550,50,17550.75,150,0,829750
NIFTY-II.NFO,03/01/2022,09:20:31,17550,17550,50,17551.9,400,0,829750
NIFTY-II.NFO,03/01/2022,09:20:32,17550,17548.8,200,17552.3,400,50,829750
NIFTY-II.NFO,03/01/2022,09:20:33,17550,17547.8,200,17551.7,550,0,829750
NIFTY-II.NFO,03/01/2022,09:20:34,17550,17547.65,200,17551.5,400,0,829750
NIFTY-II.NFO,03/01/2022,09:20:35,17550,17549.35,250,17552.3,150,0,829750
NIFTY-II.NFO,03/01/2022,09:20:36,17549.65,17549.65,150,17553.15,400,100,829750
NIFTY-II.NFO,03/01/2022,09:20:37,17549.65,17550.45,150,17553.65,550,0,829750
NIFTY-II.NFO,03/01/2022,09:20:38,17549.65,17550.4,150,17553.55,150,0,829750
NIFTY-II.NFO,03/01/2022,09:20:39,17549.65,17551.55,150,17554.95,400,0,829750
NIFTY-II.NFO,03/01/2022,09:20:40,17553.45,17553.25,50,17555,150,50,829750
NIFTY-II.NFO,03/01/2022,09:20:41,17555.35,17553.85,150,17555.35,300,450,829750
NIFTY-II.NFO,03/01/2022,09:20:42,17555.35,17554.75,150,17558.8,400,300,829750
NIFTY-II.NFO,03/01/2022,09:20:43,17555.65,17555.7,100,17558.8,400,150,829750
NIFTY-II.NFO,03/01/2022,09:20:43,17558.8,17555.7,100,17558.8,400,0,829750
NIFTY-II.NFO,03/01/2022,09:20:44,17555.7,17555.3,50,17558.8,400,100,829750
NIFTY-II.NFO,03/01/2022,09:20:45,17553.7,17552.3,50,17555.3,550,50,829750
NIFTY-II.NFO,03/01/2022,09:20:46,17553.7,17552.3,50,17554.95,400,0,829750
NIFTY-II.NFO,03/01/2022,09:20:47,17553.7,17552.3,50,17554.8,400,0,829750
NIFTY-II.NFO,03/01/2022,09:20:49,17553.7,17552.35,100,17554.1,50,0,829750
NIFTY-II.NFO,03/01/2022,09:20:50,17554.1,17552.5,50,17556.3,400,50,829750
NIFTY-II.NFO,03/01/2022,09:20:51,17554.1,17552.5,50,17556.1,50,0,829750
NIFTY-II.NFO,03/01/2022,09:20:52,17554.1,17553.35,50,17557.35,400,0,829750
NIFTY-II.NFO,03/01/2022,09:20:54,17555.75,17552.6,50,17556.25,550,50,829750
NIFTY-II.NFO,03/01/2022,09:20:55,17555.75,17552.7,50,17555.6,150,0,829750
NIFTY-II.NFO,03/01/2022,09:20:56,17553.05,17552.75,50,17556.65,400,50,829750
NIFTY-II.NFO,03/01/2022,09:20:57,17553.05,17552.9,50,17556.65,400,0,829750
NIFTY-II.NFO,03/01/2022,09:20:58,17553.05,17552.65,50,17555.35,50,0,829750
NIFTY-II.NFO,03/01/2022,09:20:59,17553.05,17552.55,50,17555.1,50,0,829750
NIFTY-II.NFO,03/01/2022,09:21:00,17551.95,17553.05,50,17555.2,150,50,829750
NIFTY-II.NFO,03/01/2022,09:21:01,17552.3,17552.4,50,17555.35,50,100,829750
NIFTY-II.NFO,03/01/2022,09:21:02,17552.3,17552.65,50,17555.3,50,0,829750
NIFTY-II.NFO,03/01/2022,09:21:03,17552.3,17552.3,50,17555.15,50,0,829750
NIFTY-II.NFO,03/01/2022,09:21:04,17552.3,17552.5,50,17555.05,50,0,829750
NIFTY-II.NFO,03/01/2022,09:21:05,17552.3,17551.9,50,17555.2,400,0,829750
NIFTY-II.NFO,03/01/2022,09:21:06,17551.85,17551.75,50,17554.75,550,50,829750
NIFTY-II.NFO,03/01/2022,09:21:07,17551.85,17552.1,50,17554.5,150,0,829750
NIFTY-II.NFO,03/01/2022,09:21:08,17551.85,17551.85,50,17555,400,0,829750
NIFTY-II.NFO,03/01/2022,09:21:09,17551.85,17550,150,17553.1,400,0,829750
NIFTY-II.NFO,03/01/2022,09:21:10,17550,17550,100,17551.3,150,50,829750
NIFTY-II.NFO,03/01/2022,09:21:11,17550.45,17550,100,17551.7,400,150,829750
NIFTY-II.NFO,03/01/2022,09:21:12,17550.45,17550,100,17551.55,550,0,829750
NIFTY-II.NFO,03/01/2022,09:21:13,17550,17545.55,200,17546.45,150,100,829750
NIFTY-II.NFO,03/01/2022,09:21:14,17547.6,17545.55,200,17546.95,150,50,829750
NIFTY-II.NFO,03/01/2022,09:21:15,17545.55,17541.15,50,17545,400,200,829750
NIFTY-II.NFO,03/01/2022,09:21:16,17540,17538.2,50,17540,50,100,829750
NIFTY-II.NFO,03/01/2022,09:21:17,17538.1,17537.05,50,17540.65,550,100,829750
NIFTY-II.NFO,03/01/2022,09:21:17,17538.1,17536.05,50,17539.4,400,0,829750
NIFTY-II.NFO,03/01/2022,09:21:18,17538.1,17538.4,50,17542.75,400,0,829750
NIFTY-II.NFO,03/01/2022,09:21:19,17538.1,17539.4,50,17543,150,0,829750
NIFTY-II.NFO,03/01/2022,09:21:20,17543,17540.5,50,17543.85,100,50,829750
NIFTY-II.NFO,03/01/2022,09:21:21,17543,17540.15,150,17543.85,400,0,829750
NIFTY-II.NFO,03/01/2022,09:21:22,17541.25,17542.05,50,17545,50,100,829750
NIFTY-II.NFO,03/01/2022,09:21:23,17541.25,17542.75,50,17545,50,0,829750
NIFTY-II.NFO,03/01/2022,09:21:24,17541.25,17542.9,200,17545,50,0,829750
NIFTY-II.NFO,03/01/2022,09:21:25,17545,17544.8,50,17547.9,150,50,829750
NIFTY-II.NFO,03/01/2022,09:21:26,17545,17544.9,50,17548.55,400,0,829750
NIFTY-II.NFO,03/01/2022,09:21:27,17544.8,17544.95,50,17548.4,400,50,829750
NIFTY-II.NFO,03/01/2022,09:21:28,17545,17544.95,50,17548.5,400,50,829750
NIFTY-II.NFO,03/01/2022,09:21:29,17545,17544.95,50,17547.95,150,100,829750
NIFTY-II.NFO,03/01/2022,09:21:30,17545,17545.45,50,17549.3,400,0,829750
NIFTY-II.NFO,03/01/2022,09:21:31,17545,17545.45,50,17548.55,400,0,829750
NIFTY-II.NFO,03/01/2022,09:21:32,17545,17546.1,50,17549.95,400,0,829750
NIFTY-II.NFO,03/01/2022,09:21:33,17545,17546.2,50,17549.95,400,0,829750
NIFTY-II.NFO,03/01/2022,09:21:34,17545,17546.2,150,17549.95,400,0,829750
NIFTY-II.NFO,03/01/2022,09:21:35,17545,17547.6,50,17550,300,0,829750
NIFTY-II.NFO,03/01/2022,09:21:36,17547.65,17547.65,50,17550,350,100,829750
NIFTY-II.NFO,03/01/2022,09:21:37,17547.65,17547.65,50,17549.95,400,0,829750
NIFTY-II.NFO,03/01/2022,09:21:38,17547.65,17546.95,50,17549.95,400,0,829750
NIFTY-II.NFO,03/01/2022,09:21:39,17547.65,17547.9,50,17550,350,0,829750
NIFTY-II.NFO,03/01/2022,09:21:40,17547.65,17547.9,50,17550,400,0,829750
NIFTY-II.NFO,03/01/2022,09:21:41,17547.15,17547.25,50,17549.9,400,100,829750
NIFTY-II.NFO,03/01/2022,09:21:42,17547.15,17546.5,50,17549.9,400,0,829750
NIFTY-II.NFO,03/01/2022,09:21:43,17547.15,17545,50,17548,150,0,829750
NIFTY-II.NFO,03/01/2022,09:21:44,17547.15,17545,50,17548,400,0,829750
NIFTY-II.NFO,03/01/2022,09:21:45,17547.15,17545,50,17547.3,400,0,829750
NIFTY-II.NFO,03/01/2022,09:21:46,17545,17543.5,50,17545.95,150,50,829750
NIFTY-II.NFO,03/01/2022,09:21:47,17545,17544.15,50,17548.95,400,0,829750
NIFTY-II.NFO,03/01/2022,09:21:48,17545,17546.75,50,17548.7,550,0,829750
NIFTY-II.NFO,03/01/2022,09:21:49,17545,17542.1,50,17545.8,400,0,829750
NIFTY-II.NFO,03/01/2022,09:21:50,17544.55,17542.05,50,17545.75,550,100,829750
NIFTY-II.NFO,03/01/2022,09:21:51,17544.55,17541.95,50,17544.1,150,0,829750
NIFTY-II.NFO,03/01/2022,09:21:53,17544.55,17541.95,50,17543.9,400,0,829750
NIFTY-II.NFO,03/01/2022,09:21:54,17544.55,17541.25,50,17545,50,0,829750
NIFTY-II.NFO,03/01/2022,09:21:54,17544.55,17541.15,50,17544.95,400,0,829750
NIFTY-II.NFO,03/01/2022,09:21:55,17544.55,17541.15,50,17544.55,400,0,829750
NIFTY-II.NFO,03/01/2022,09:21:56,17544.55,17541.05,50,17543.85,550,0,829750
NIFTY-II.NFO,03/01/2022,09:21:57,17544.55,17541.9,50,17545,50,0,829750
NIFTY-II.NFO,03/01/2022,09:21:58,17541.25,17541.35,100,17544.8,50,200,829750
NIFTY-II.NFO,03/01/2022,09:21:59,17541.25,17541.7,50,17545,50,0,829750
NIFTY-II.NFO,03/01/2022,09:22:00,17541.25,17542.6,50,17545,50,0,829750
NIFTY-II.NFO,03/01/2022,09:22:01,17545,17544.75,50,17547.95,400,100,829750
NIFTY-II.NFO,03/01/2022,09:22:02,17545,17544.7,50,17547.65,400,0,829750
NIFTY-II.NFO,03/01/2022,09:22:03,17545,17544.75,50,17547.65,400,0,829750
NIFTY-II.NFO,03/01/2022,09:22:04,17545,17544.7,50,17547.15,400,0,829750
NIFTY-II.NFO,03/01/2022,09:22:05,17545,17544.75,50,17547.5,400,0,829750
NIFTY-II.NFO,03/01/2022,09:22:06,17545,17544.75,50,17546.95,400,0,829750
NIFTY-II.NFO,03/01/2022,09:22:07,17545,17544.75,50,17547.5,400,0,829750
NIFTY-II.NFO,03/01/2022,09:22:08,17545,17541.9,200,17547.1,550,0,829750
NIFTY-II.NFO,03/01/2022,09:22:09,17545,17544.75,50,17546.95,600,0,829750
NIFTY-II.NFO,03/01/2022,09:22:10,17544.95,17544.7,50,17544.95,400,350,829750
NIFTY-II.NFO,03/01/2022,09:22:11,17545,17543.45,50,17547.2,100,1150,829750
NIFTY-II.NFO,03/01/2022,09:22:12,17546.7,17541.5,400,17545.25,150,50,829750
NIFTY-II.NFO,03/01/2022,09:22:13,17546.7,17541.2,400,17544.9,150,0,829750
NIFTY-II.NFO,03/01/2022,09:22:15,17546.7,17541.05,400,17545,100,0,829750
NIFTY-II.NFO,03/01/2022,09:22:16,17546.7,17541,250,17543.9,150,0,829750
NIFTY-II.NFO,03/01/2022,09:22:17,17546.7,17541,250,17542.9,200,0,829750
NIFTY-II.NFO,03/01/2022,09:22:18,17546.7,17541,250,17542.8,100,0,829750
NIFTY-II.NFO,03/01/2022,09:22:19,17541,17541,200,17542.25,200,50,829750
NIFTY-II.NFO,03/01/2022,09:22:20,17541,17541,200,17542.05,150,0,829750
NIFTY-II.NFO,03/01/2022,09:22:21,17543.65,17543.7,50,17545,100,500,829750
NIFTY-II.NFO,03/01/2022,09:22:22,17543.65,17543.7,50,17545,100,0,829750
NIFTY-II.NFO,03/01/2022,09:22:23,17543.65,17544.95,150,17545,100,0,829750
NIFTY-II.NFO,03/01/2022,09:22:24,17544.95,17543.7,50,17545,150,150,829750
NIFTY-II.NFO,03/01/2022,09:22:25,17544.95,17543.7,50,17545,100,0,829750
NIFTY-II.NFO,03/01/2022,09:22:27,17544.95,17543.7,50,17544.75,50,0,829750
NIFTY-II.NFO,03/01/2022,09:22:29,17544.95,17541,200,17542.6,150,0,829750
NIFTY-II.NFO,03/01/2022,09:22:30,17543.55,17543.7,50,17544.75,50,50,829750
NIFTY-II.NFO,03/01/2022,09:22:31,17543.55,17543.7,50,17544.5,100,0,829750
NIFTY-II.NFO,03/01/2022,09:22:32,17543.55,17543.7,50,17544.25,100,0,829750
NIFTY-II.NFO,03/01/2022,09:22:33,17543.7,17542.15,100,17544.75,200,150,829750
NIFTY-II.NFO,03/01/2022,09:22:34,17542.85,17541,200,17541.15,100,50,829750
NIFTY-II.NFO,03/01/2022,09:22:35,17541,17538.85,50,17542.3,50,200,829750
NIFTY-II.NFO,03/01/2022,09:22:36,17541,17538.9,400,17542.3,50,0,829750
NIFTY-II.NFO,03/01/2022,09:22:37,17541,17538.9,400,17541.8,150,0,829750
NIFTY-II.NFO,03/01/2022,09:22:38,17541,17538.65,400,17542,150,0,829750
NIFTY-II.NFO,03/01/2022,09:22:39,17541,17538.5,50,17540.35,150,0,829750
NIFTY-II.NFO,03/01/2022,09:22:40,17541,17537.65,400,17539.8,150,0,829750
NIFTY-II.NFO,03/01/2022,09:22:41,17542.3,17540.6,50,17544,200,50,829750
NIFTY-II.NFO,03/01/2022,09:22:42,17542.3,17540.4,400,17543.7,150,0,829750
NIFTY-II.NFO,03/01/2022,09:22:43,17540.5,17541.65,200,17544,200,50,829750
NIFTY-II.NFO,03/01/2022,09:22:44,17541.8,17541.75,400,17544,200,100,829750
NIFTY-II.NFO,03/01/2022,09:22:45,17544,17542.85,50,17544.75,50,200,829750
NIFTY-II.NFO,03/01/2022,09:22:46,17544,17543.6,400,17544.75,50,0,829750
NIFTY-II.NFO,03/01/2022,09:22:47,17544.75,17543.2,400,17545,50,50,829750
NIFTY-II.NFO,03/01/2022,09:22:48,17545,17543.9,400,17547.65,150,50,829750
NIFTY-II.NFO,03/01/2022,09:22:49,17543.9,17544,400,17547.65,200,50,829750
NIFTY-II.NFO,03/01/2022,09:22:49,17543.9,17544,400,17547.65,200,0,829750
NIFTY-II.NFO,03/01/2022,09:22:51,17543.9,17543.25,400,17546.85,350,0,829750
NIFTY-II.NFO,03/01/2022,09:22:52,17543.9,17543.25,400,17546.4,150,0,829750
NIFTY-II.NFO,03/01/2022,09:22:53,17543.9,17543.25,400,17546.55,150,0,829750
NIFTY-II.NFO,03/01/2022,09:22:54,17543.9,17542.5,400,17546.5,200,0,829750
NIFTY-II.NFO,03/01/2022,09:22:55,17543.3,17542.75,400,17546.7,300,100,829750
NIFTY-II.NFO,03/01/2022,09:22:56,17543.3,17544.1,400,17547.95,300,0,829750
NIFTY-II.NFO,03/01/2022,09:22:57,17543.3,17544.55,400,17547.95,300,0,829750
NIFTY-II.NFO,03/01/2022,09:22:58,17543.3,17545.45,250,17548,50,0,829750
NIFTY-II.NFO,03/01/2022,09:23:00,17548,17548.05,50,17548.95,300,250,829750
NIFTY-II.NFO,03/01/2022,09:23:01,17547.05,17546.05,50,17548.8,300,150,829750
NIFTY-II.NFO,03/01/2022,09:23:02,17548.05,17545.05,50,17547.3,450,250,829750
NIFTY-II.NFO,03/01/2022,09:23:03,17547.05,17547.05,50,17547.25,150,250,829750
NIFTY-II.NFO,03/01/2022,09:23:04,17546.05,17546.05,50,17546.7,300,150,829750
NIFTY-II.NFO,03/01/2022,09:23:05,17546.05,17546.05,50,17546.85,150,0,829750
NIFTY-II.NFO,03/01/2022,09:23:06,17546.05,17543.05,50,17545.25,300,50,829750
NIFTY-II.NFO,03/01/2022,09:23:07,17546.05,17545.05,50,17546.45,300,0,829750
NIFTY-II.NFO,03/01/2022,09:23:08,17546.05,17545.05,50,17546.6,300,0,829750
NIFTY-II.NFO,03/01/2022,09:23:09,17546.05,17546.05,50,17547.45,150,0,829750
NIFTY-II.NFO,03/01/2022,09:23:10,17546.05,17546.05,50,17547.75,150,0,829750
NIFTY-II.NFO,03/01/2022,09:23:10,17547.9,17546.05,50,17547.9,250,50,829750
NIFTY-II.NFO,03/01/2022,09:23:11,17547.9,17546.05,50,17547.4,150,0,829750
NIFTY-II.NFO,03/01/2022,09:23:13,17547.9,17545.05,50,17546.3,150,0,829750
NIFTY-II.NFO,03/01/2022,09:23:14,17547.9,17545.05,50,17546.25,150,0,829750
NIFTY-II.NFO,03/01/2022,09:23:15,17545.05,17544.05,50,17545.75,250,50,829750
NIFTY-II.NFO,03/01/2022,09:23:16,17545.05,17544.05,50,17545.65,250,0,829750
NIFTY-II.NFO,03/01/2022,09:23:18,17544.05,17544.05,50,17545.3,150,50,829100
NIFTY-II.NFO,03/01/2022,09:23:19,17544.05,17544.05,50,17545.2,250,0,829100
NIFTY-II.NFO,03/01/2022,09:23:20,17544.05,17542.4,400,17545.25,150,50,829100
NIFTY-II.NFO,03/01/2022,09:23:21,17544.05,17540.6,400,17544.45,150,0,829100
NIFTY-II.NFO,03/01/2022,09:23:22,17544.05,17541.05,400,17544.15,150,0,829100
NIFTY-II.NFO,03/01/2022,09:23:23,17544.05,17540.6,400,17544.4,250,0,829100
NIFTY-II.NFO,03/01/2022,09:23:24,17544.05,17541.05,400,17544.1,150,0,829100
NIFTY-II.NFO,03/01/2022,09:23:24,17544.05,17541.05,400,17544.05,150,0,829100
NIFTY-II.NFO,03/01/2022,09:23:25,17544.05,17540.9,400,17544.05,250,0,829100
NIFTY-II.NFO,03/01/2022,09:23:26,17544.25,17540.95,400,17544.05,200,50,829100
NIFTY-II.NFO,03/01/2022,09:23:28,17544.25,17540.6,450,17543.9,200,0,829100
NIFTY-II.NFO,03/01/2022,09:23:29,17544.25,17540.9,400,17543.9,150,0,829100
NIFTY-II.NFO,03/01/2022,09:23:30,17544.25,17540.6,400,17543.9,200,0,829100
NIFTY-II.NFO,03/01/2022,09:23:31,17543.2,17540.55,50,17543.45,250,100,829100
NIFTY-II.NFO,03/01/2022,09:23:32,17543.2,17540,50,17542.4,150,0,829100
NIFTY-II.NFO,03/01/2022,09:23:33,17539.1,17537.9,400,17541.05,50,100,829100
NIFTY-II.NFO,03/01/2022,09:23:34,17539.1,17537.45,400,17541.05,50,0,829100
NIFTY-II.NFO,03/01/2022,09:23:35,17539.1,17537.4,400,17540.7,100,0,829100
NIFTY-II.NFO,03/01/2022,09:23:36,17539.1,17537.35,400,17540.15,150,0,829100
NIFTY-II.NFO,03/01/2022,09:23:37,17539.1,17536.85,150,17539.6,150,0,829100
NIFTY-II.NFO,03/01/2022,09:23:38,17539.1,17537.95,400,17541,100,0,829100
NIFTY-II.NFO,03/01/2022,09:23:39,17539.1,17537.95,500,17541,100,0,829100
NIFTY-II.NFO,03/01/2022,09:23:40,17540,17538.2,400,17541.05,50,100,829100
NIFTY-II.NFO,03/01/2022,09:23:41,17540,17538.25,400,17541.05,50,0,829100
NIFTY-II.NFO,03/01/2022,09:23:42,17540,17539.05,400,17541.05,50,0,829100
NIFTY-II.NFO,03/01/2022,09:23:43,17540,17540,50,17541.05,50,0,829100
NIFTY-II.NFO,03/01/2022,09:23:44,17541.05,17540.5,400,17544.6,100,50,829100
NIFTY-II.NFO,03/01/2022,09:23:45,17541.05,17540.75,400,17544.95,100,0,829100
NIFTY-II.NFO,03/01/2022,09:23:46,17541.05,17541.95,50,17544.95,100,0,829100
NIFTY-II.NFO,03/01/2022,09:23:47,17541.05,17542,450,17545,150,0,829100
NIFTY-II.NFO,03/01/2022,09:23:48,17541.05,17542.1,400,17545,150,0,829100
NIFTY-II.NFO,03/01/2022,09:23:49,17541.05,17542,400,17545,150,0,829100
NIFTY-II.NFO,03/01/2022,09:23:50,17541.05,17542,400,17544.95,100,0,829100
NIFTY-II.NFO,03/01/2022,09:23:51,17541.05,17542,800,17545,150,0,829100
NIFTY-II.NFO,03/01/2022,09:23:52,17541.05,17542,400,17544.95,100,0,829100
NIFTY-II.NFO,03/01/2022,09:23:53,17542,17541,450,17544.85,150,350,829100
NIFTY-II.NFO,03/01/2022,09:23:54,17542,17541.2,400,17544.6,100,0,829100
NIFTY-II.NFO,03/01/2022,09:23:55,17542,17541.5,400,17544.2,50,0,829100
NIFTY-II.NFO,03/01/2022,09:23:56,17542,17541.2,450,17544.95,100,0,829100
NIFTY-II.NFO,03/01/2022,09:23:57,17542,17541.5,400,17544.35,50,0,829100
NIFTY-II.NFO,03/01/2022,09:23:58,17542,17541.7,400,17544.75,50,0,829100
NIFTY-II.NFO,03/01/2022,09:23:59,17542,17541.2,400,17544.3,100,0,829100
NIFTY-II.NFO,03/01/2022,09:24:00,17542,17541.6,400,17544.3,50,0,829100
NIFTY-II.NFO,03/01/2022,09:24:01,17542,17541.45,150,17543.55,50,0,829100
NIFTY-II.NFO,03/01/2022,09:24:02,17543.5,17541.5,400,17544.65,100,50,829100
NIFTY-II.NFO,03/01/2022,09:24:03,17543.5,17541.35,150,17543.95,50,0,829100
NIFTY-II.NFO,03/01/2022,09:24:04,17543.5,17541.55,400,17544.05,50,0,829100
NIFTY-II.NFO,03/01/2022,09:24:05,17543.5,17541.25,400,17543.8,50,0,829100
NIFTY-II.NFO,03/01/2022,09:24:06,17543.5,17541.4,400,17544.55,100,0,829100
NIFTY-II.NFO,03/01/2022,09:24:07,17543.5,17542,50,17544.7,100,0,829100
NIFTY-II.NFO,03/01/2022,09:24:08,17543.5,17542,50,17544.15,50,0,829100
NIFTY-II.NFO,03/01/2022,09:24:09,17543.5,17542,50,17544.6,100,0,829100
NIFTY-II.NFO,03/01/2022,09:24:10,17543.5,17542,50,17544.55,150,0,829100
NIFTY-II.NFO,03/01/2022,09:24:11,17543.5,17542,50,17544.55,100,0,829100
NIFTY-II.NFO,03/01/2022,09:24:12,17543.5,17542,50,17544.45,250,0,829100
NIFTY-II.NFO,03/01/2022,09:24:13,17538.9,17536.7,400,17539.4,50,150,829100
NIFTY-II.NFO,03/01/2022,09:24:14,17538.9,17536.35,400,17540.3,100,0,829100
NIFTY-II.NFO,03/01/2022,09:24:15,17536.55,17536.55,400,17539.95,150,50,829100
NIFTY-II.NFO,03/01/2022,09:24:16,17536.55,17536.75,400,17539.45,50,0,829100
NIFTY-II.NFO,03/01/2022,09:24:17,17536.55,17536.8,400,17538.75,50,0,829100
NIFTY-II.NFO,03/01/2022,09:24:18,17536.55,17536.25,400,17538.9,50,0,829100
NIFTY-II.NFO,03/01/2022,09:24:19,17536.55,17536.4,400,17539,50,0,829100
NIFTY-II.NFO,03/01/2022,09:24:20,17536.55,17536.3,400,17539.5,150,0,829100
NIFTY-II.NFO,03/01/2022,09:24:21,17536.55,17536.45,400,17539.15,50,0,829100
NIFTY-II.NFO,03/01/2022,09:24:22,17536.55,17536.6,50,17539.2,150,0,829100
NIFTY-II.NFO,03/01/2022,09:24:23,17536.55,17536.9,400,17539.45,150,0,829100
NIFTY-II.NFO,03/01/2022,09:24:24,17537,17535,50,17538.65,200,50,829100
NIFTY-II.NFO,03/01/2022,09:24:25,17537,17535,50,17537.25,200,0,829100
NIFTY-II.NFO,03/01/2022,09:24:26,17537,17535,50,17537.45,200,0,829100
NIFTY-II.NFO,03/01/2022,09:24:27,17537,17535,50,17537.5,200,0,829100
NIFTY-II.NFO,03/01/2022,09:24:27,17537,17535,50,17537,50,0,829100
NIFTY-II.NFO,03/01/2022,09:24:29,17537,17535,50,17536.95,200,0,829100
NIFTY-II.NFO,03/01/2022,09:24:30,17537,17535,50,17536.65,200,0,829100
NIFTY-II.NFO,03/01/2022,09:24:31,17537,17535,50,17536.75,200,0,829100
NIFTY-II.NFO,03/01/2022,09:24:32,17537,17535.15,50,17537,50,0,829100
NIFTY-II.NFO,03/01/2022,09:24:33,17537,17535,50,17537,50,0,829100
NIFTY-II.NFO,03/01/2022,09:24:34,17535,17533.35,400,17536.95,200,50,829100
NIFTY-II.NFO,03/01/2022,09:24:35,17533.45,17533.3,400,17536.45,400,200,829100
NIFTY-II.NFO,03/01/2022,09:24:36,17533.45,17533.3,400,17536.45,400,0,829100
NIFTY-II.NFO,03/01/2022,09:24:37,17533.45,17532.95,400,17536.5,150,0,829100
NIFTY-II.NFO,03/01/2022,09:24:38,17533.45,17532.65,400,17535.85,300,0,829100
NIFTY-II.NFO,03/01/2022,09:24:39,17533.45,17531.85,400,17535.6,400,0,829100
NIFTY-II.NFO,03/01/2022,09:24:40,17532.55,17531.75,350,17535.65,400,50,829100
NIFTY-II.NFO,03/01/2022,09:24:41,17532.55,17531.05,350,17534.75,550,0,829100
NIFTY-II.NFO,03/01/2022,09:24:42,17531.05,17531.05,250,17532.65,50,100,829100
NIFTY-II.NFO,03/01/2022,09:24:44,17531.05,17530.85,250,17532.65,50,0,829100
NIFTY-II.NFO,03/01/2022,09:24:45,17532.65,17531.05,250,17534.55,400,50,829100
NIFTY-II.NFO,03/01/2022,09:24:45,17532.65,17531.05,250,17534.6,150,0,829100
NIFTY-II.NFO,03/01/2022,09:24:47,17532.65,17530.75,250,17533.5,150,0,829100
NIFTY-II.NFO,03/01/2022,09:24:48,17532.65,17530.7,50,17532.95,150,0,829100
NIFTY-II.NFO,03/01/2022,09:24:49,17530,17530,50,17532.3,550,100,829100
NIFTY-II.NFO,03/01/2022,09:24:50,17530,17530,50,17531.75,150,0,829100
NIFTY-II.NFO,03/01/2022,09:24:51,17530,17527.05,250,17529.95,400,50,829100
NIFTY-II.NFO,03/01/2022,09:24:52,17530,17527,50,17529.7,400,0,829100
NIFTY-II.NFO,03/01/2022,09:24:53,17530,17527,50,17529.2,150,0,829100
NIFTY-II.NFO,03/01/2022,09:24:54,17530,17527,50,17528.5,400,0,829100
NIFTY-II.NFO,03/01/2022,09:24:55,17527,17525.3,250,17528.55,400,50,829100
NIFTY-II.NFO,03/01/2022,09:24:56,17528.65,17525.3,300,17528.1,150,50,829100
NIFTY-II.NFO,03/01/2022,09:24:57,17528.65,17525.1,300,17528.15,150,0,829100
NIFTY-II.NFO,03/01/2022,09:24:59,17528.65,17525.75,300,17528.65,150,0,829100
NIFTY-II.NFO,03/01/2022,09:25:00,17528.65,17525.95,300,17529.1,150,0,829100
NIFTY-II.NFO,03/01/2022,09:25:01,17528.65,17527,50,17528.45,150,0,829100
NIFTY-II.NFO,03/01/2022,09:25:02,17528.65,17527.25,300,17529.9,150,0,829100
NIFTY-II.NFO,03/01/2022,09:25:03,17528.65,17527.95,50,17530,100,0,829100
NIFTY-II.NFO,03/01/2022,09:25:04,17528.65,17527.05,300,17529.95,400,0,829100
NIFTY-II.NFO,03/01/2022,09:25:05,17530,17528.7,300,17531.85,150,100,829100
NIFTY-II.NFO,03/01/2022,09:25:06,17530,17529.15,300,17532.15,150,0,829100
NIFTY-II.NFO,03/01/2022,09:25:07,17530,17528.7,300,17531.2,150,0,829100
NIFTY-II.NFO,03/01/2022,09:25:08,17530,17529.95,300,17532.55,150,250,829100
NIFTY-II.NFO,03/01/2022,09:25:09,17530,17530.15,550,17533,50,0,829100
NIFTY-II.NFO,03/01/2022,09:25:10,17533,17529.95,300,17534.5,150,50,829100
NIFTY-II.NFO,03/01/2022,09:25:11,17533,17531.1,300,17535.55,400,0,829100
NIFTY-II.NFO,03/01/2022,09:25:12,17533,17532.5,300,17535.45,150,0,829100
NIFTY-II.NFO,03/01/2022,09:25:13,17533,17532.5,300,17535.45,400,0,829100
NIFTY-II.NFO,03/01/2022,09:25:14,17533,17534.75,300,17537.4,150,0,829100
NIFTY-II.NFO,03/01/2022,09:25:15,17533,17535.25,600,17538.9,150,0,829100
NIFTY-II.NFO,03/01/2022,09:25:16,17533,17537.05,300,17541.5,400,0,829100
NIFTY-II.NFO,03/01/2022,09:25:17,17537.8,17537.2,250,17541.25,550,50,829100
NIFTY-II.NFO,03/01/2022,09:25:18,17537.8,17535.25,250,17538.85,400,0,829100
NIFTY-II.NFO,03/01/2022,09:25:19,17537.8,17535.3,250,17539.2,550,0,829100
NIFTY-II.NFO,03/01/2022,09:25:20,17537.8,17532.7,250,17535.9,150,0,829100
NIFTY-II.NFO,03/01/2022,09:25:21,17537.8,17534.8,250,17537.25,150,0,829100
NIFTY-II.NFO,03/01/2022,09:25:22,17537.8,17534.95,250,17538.55,150,0,829100
NIFTY-II.NFO,03/01/2022,09:25:24,17537.8,17535.15,250,17538.55,400,0,829100
NIFTY-II.NFO,03/01/2022,09:25:25,17537.8,17533.8,250,17537.1,150,0,829100
NIFTY-II.NFO,03/01/2022,09:25:26,17537.8,17533.1,250,17536.85,550,0,829100
NIFTY-II.NFO,03/01/2022,09:25:27,17533.1,17534.1,200,17537.7,400,50,829100
NIFTY-II.NFO,03/01/2022,09:25:28,17535,17531.25,200,17535.3,400,50,829100
NIFTY-II.NFO,03/01/2022,09:25:29,17535,17530.95,450,17534.7,400,0,829100
NIFTY-II.NFO,03/01/2022,09:25:30,17535,17530.55,200,17533.4,150,0,829100
NIFTY-II.NFO,03/01/2022,09:25:31,17535,17530.45,200,17533.2,150,0,829100
NIFTY-II.NFO,03/01/2022,09:25:32,17535,17530.05,200,17533.4,150,0,829100
NIFTY-II.NFO,03/01/2022,09:25:33,17532.45,17530.05,300,17532.7,150,100,829100
NIFTY-II.NFO,03/01/2022,09:25:34,17532.45,17530,50,17532,150,0,829100
NIFTY-II.NFO,03/01/2022,09:25:35,17532.45,17530,50,17531.25,150,0,829100
NIFTY-II.NFO,03/01/2022,09:25:36,17532.45,17530,50,17531.65,150,0,829100
NIFTY-II.NFO,03/01/2022,09:25:37,17530,17528.7,300,17530.05,100,50,829100
NIFTY-II.NFO,03/01/2022,09:25:38,17530,17528.65,50,17530.2,100,0,829100
NIFTY-II.NFO,03/01/2022,09:25:39,17530,17528.65,50,17530.15,150,0,829100
NIFTY-II.NFO,03/01/2022,09:25:40,17530,17528.65,50,17530.25,150,0,829100
NIFTY-II.NFO,03/01/2022,09:25:41,17530,17528.65,50,17529.45,150,0,829100
NIFTY-II.NFO,03/01/2022,09:25:42,17529.45,17528.65,50,17529.5,100,50,829100
NIFTY-II.NFO,03/01/2022,09:25:43,17528.65,17526.6,300,17529.95,400,50,829100
NIFTY-II.NFO,03/01/2022,09:25:44,17528.65,17526.75,300,17529.45,150,0,829100
NIFTY-II.NFO,03/01/2022,09:25:45,17528.65,17526.35,300,17529.05,150,0,829100
NIFTY-II.NFO,03/01/2022,09:25:46,17528.65,17526.6,300,17529.15,150,0,829100
NIFTY-II.NFO,03/01/2022,09:25:47,17528.65,17526.8,300,17529.3,150,0,829100
NIFTY-II.NFO,03/01/2022,09:25:47,17528.65,17526.8,550,17529.3,150,0,829100
NIFTY-II.NFO,03/01/2022,09:25:48,17528.65,17528.55,300,17530,50,0,829100
NIFTY-II.NFO,03/01/2022,09:25:49,17530,17529.45,300,17532.15,150,50,829100
NIFTY-II.NFO,03/01/2022,09:25:50,17532.15,17529.45,300,17532.25,100,50,829100
NIFTY-II.NFO,03/01/2022,09:25:51,17532.15,17528.7,300,17531.5,100,0,829100
NIFTY-II.NFO,03/01/2022,09:25:53,17531.45,17529.55,250,17531.5,100,50,829100
NIFTY-II.NFO,03/01/2022,09:25:54,17531.45,17527.5,300,17530.95,100,0,829100
NIFTY-II.NFO,03/01/2022,09:25:55,17531.45,17527.05,300,17530.1,150,0,829100
NIFTY-II.NFO,03/01/2022,09:25:56,17531.45,17526.95,300,17529.9,150,0,829100
NIFTY-II.NFO,03/01/2022,09:25:57,17531.45,17527.35,300,17529.2,150,0,829100
NIFTY-II.NFO,03/01/2022,09:25:59,17531.45,17527.75,300,17529.2,150,0,829100
NIFTY-II.NFO,03/01/2022,09:26:00,17531.45,17528.55,300,17530.7,300,0,829100
NIFTY-II.NFO,03/01/2022,09:26:01,17531.45,17529.45,250,17530.7,150,0,829100
NIFTY-II.NFO,03/01/2022,09:26:02,17531.45,17529.15,250,17530.65,150,0,829100
NIFTY-II.NFO,03/01/2022,09:26:03,17531.45,17529.25,250,17530.7,150,0,829100
NIFTY-II.NFO,03/01/2022,09:26:04,17531.45,17528.65,50,17531,150,0,829100
NIFTY-II.NFO,03/01/2022,09:26:05,17531.45,17528.65,50,17530.2,150,0,829100
NIFTY-II.NFO,03/01/2022,09:26:06,17531.45,17528.9,300,17530.9,150,0,829100
NIFTY-II.NFO,03/01/2022,09:26:06,17531.45,17528.8,300,17530.9,150,0,829100
NIFTY-II.NFO,03/01/2022,09:26:08,17531.45,17528.8,300,17530.75,150,0,829100
NIFTY-II.NFO,03/01/2022,09:26:09,17531.45,17529.65,300,17531.45,150,0,829100
NIFTY-II.NFO,03/01/2022,09:26:10,17531.45,17529.8,250,17531.35,150,0,829100
NIFTY-II.NFO,03/01/2022,09:26:11,17531.45,17528.85,300,17531.75,150,0,829100
NIFTY-II.NFO,03/01/2022,09:26:12,17531.45,17529.15,300,17531.35,150,0,829100
NIFTY-II.NFO,03/01/2022,09:26:13,17532.65,17529.7,650,17533,150,250,829100
NIFTY-II.NFO,03/01/2022,09:26:14,17532.65,17528.65,50,17531.4,400,0,829100
NIFTY-II.NFO,03/01/2022,09:26:15,17532.65,17528.65,50,17530.9,150,0,829100
NIFTY-II.NFO,03/01/2022,09:26:16,17528.65,17526.85,400,17529.95,150,50,829100
NIFTY-II.NFO,03/01/2022,09:26:17,17528.65,17526.1,400,17528.55,100,0,828550
NIFTY-II.NFO,03/01/2022,09:26:18,17528.65,17526.35,400,17528.95,150,0,828550
NIFTY-II.NFO,03/01/2022,09:26:19,17528.65,17526.75,400,17528.3,150,0,828550
NIFTY-II.NFO,03/01/2022,09:26:19,17528.65,17527.2,400,17528.3,150,0,828550
NIFTY-II.NFO,03/01/2022,09:26:20,17528.65,17528.25,400,17530.55,150,0,828550
NIFTY-II.NFO,03/01/2022,09:26:21,17528.65,17526.4,650,17529.25,150,0,828550
NIFTY-II.NFO,03/01/2022,09:26:22,17525.45,17525.6,50,17528.3,150,1000,828550
NIFTY-II.NFO,03/01/2022,09:26:24,17525.45,17525.6,50,17528.7,400,0,828550
NIFTY-II.NFO,03/01/2022,09:26:25,17525.45,17525.5,50,17528.3,150,0,828550
NIFTY-II.NFO,03/01/2022,09:26:26,17525.4,17525.1,150,17528.2,50,100,828550
NIFTY-II.NFO,03/01/2022,09:26:27,17525.4,17525.05,150,17528.1,50,0,828550
NIFTY-II.NFO,03/01/2022,09:26:27,17525.4,17525.1,150,17528.1,50,0,828550
NIFTY-II.NFO,03/01/2022,09:26:29,17525.4,17525.1,200,17528.15,50,0,828550
NIFTY-II.NFO,03/01/2022,09:26:30,17525.4,17525,50,17527.5,150,0,828550
NIFTY-II.NFO,03/01/2022,09:26:31,17525.4,17525.35,50,17527.5,150,0,828550
NIFTY-II.NFO,03/01/2022,09:26:32,17525.4,17525.95,50,17528.75,150,0,828550
NIFTY-II.NFO,03/01/2022,09:26:33,17525.4,17526.4,150,17529.55,150,0,828550
NIFTY-II.NFO,03/01/2022,09:26:34,17525.4,17526.1,150,17529.3,50,0,828550
NIFTY-II.NFO,03/01/2022,09:26:35,17525.4,17525.95,100,17529.4,150,0,828550
NIFTY-II.NFO,03/01/2022,09:26:36,17525.4,17526.9,150,17529.7,50,0,828550
NIFTY-II.NFO,03/01/2022,09:26:37,17525.4,17525.55,50,17529,400,0,828550
NIFTY-II.NFO,03/01/2022,09:26:38,17525.4,17525.1,150,17528.6,400,0,828550
NIFTY-II.NFO,03/01/2022,09:26:39,17525.4,17525.2,50,17528.45,400,0,828550
NIFTY-II.NFO,03/01/2022,09:26:40,17525.4,17525.7,50,17528.5,150,0,828550
NIFTY-II.NFO,03/01/2022,09:26:41,17525.4,17525.9,50,17528.7,400,0,828550
NIFTY-II.NFO,03/01/2022,09:26:42,17525.4,17526.7,100,17529.6,150,0,828550
NIFTY-II.NFO,03/01/2022,09:26:43,17525.4,17527.7,50,17529.7,50,0,828550
NIFTY-II.NFO,03/01/2022,09:26:44,17527.7,17527.7,150,17529.7,50,50,828550
NIFTY-II.NFO,03/01/2022,09:26:45,17527.7,17526.85,50,17529.7,50,0,828550
NIFTY-II.NFO,03/01/2022,09:26:46,17531.3,17527.7,50,17532.25,400,150,828550
NIFTY-II.NFO,03/01/2022,09:26:47,17531.3,17527.75,50,17531.35,100,0,828550
NIFTY-II.NFO,03/01/2022,09:26:48,17531.3,17527.25,50,17531.3,50,0,828550
NIFTY-II.NFO,03/01/2022,09:26:49,17531.3,17526.85,50,17531.1,150,0,828550
NIFTY-II.NFO,03/01/2022,09:26:50,17531.3,17527.6,150,17531.6,50,0,828550
NIFTY-II.NFO,03/01/2022,09:26:51,17531.3,17526.85,50,17529.95,400,0,828550
NIFTY-II.NFO,03/01/2022,09:26:52,17531.3,17526.85,50,17529.55,400,0,828550
NIFTY-II.NFO,03/01/2022,09:26:53,17530,17526.85,50,17529.8,150,50,828550
NIFTY-II.NFO,03/01/2022,09:26:54,17530,17526.85,50,17529.8,150,0,828550
NIFTY-II.NFO,03/01/2022,09:26:55,17530,17526.95,50,17529.8,150,0,828550
NIFTY-II.NFO,03/01/2022,09:26:56,17530,17525.9,150,17529.55,400,0,828550
NIFTY-II.NFO,03/01/2022,09:26:57,17530,17525.95,100,17529.6,50,0,828550
NIFTY-II.NFO,03/01/2022,09:26:58,17530,17527,50,17529.7,400,0,828550
NIFTY-II.NFO,03/01/2022,09:26:59,17530,17527,50,17530.45,150,0,828550
NIFTY-II.NFO,03/01/2022,09:27:00,17530,17527,50,17530.5,150,0,828550
NIFTY-II.NFO,03/01/2022,09:27:01,17530,17527.05,150,17530.4,150,0,828550
NIFTY-II.NFO,03/01/2022,09:27:02,17530,17527.8,50,17530.95,50,0,828550
NIFTY-II.NFO,03/01/2022,09:27:03,17530,17527.9,150,17532.4,400,0,828550
NIFTY-II.NFO,03/01/2022,09:27:04,17530,17528.8,50,17533.05,400,0,828550
NIFTY-II.NFO,03/01/2022,09:27:05,17528.15,17528.05,100,17530,150,100,828550
NIFTY-II.NFO,03/01/2022,09:27:06,17530,17529.85,50,17533.8,400,150,828550
NIFTY-II.NFO,03/01/2022,09:27:07,17530,17529.35,150,17533.55,400,0,828550
NIFTY-II.NFO,03/01/2022,09:27:08,17530,17529.3,100,17533.75,400,0,828550
NIFTY-II.NFO,03/01/2022,09:27:09,17530,17530.7,150,17534.15,400,0,828550
NIFTY-II.NFO,03/01/2022,09:27:10,17530,17529.5,50,17533.05,550,0,828550
NIFTY-II.NFO,03/01/2022,09:27:11,17530,17530,50,17534.15,400,0,828550
NIFTY-II.NFO,03/01/2022,09:27:12,17530,17530.6,50,17533.65,150,0,828550
NIFTY-II.NFO,03/01/2022,09:27:13,17530,17529.3,50,17532.7,150,0,828550
NIFTY-II.NFO,03/01/2022,09:27:14,17530,17529.3,50,17531.9,400,0,828550
NIFTY-II.NFO,03/01/2022,09:27:15,17530,17528.2,150,17531.95,450,0,828550
NIFTY-II.NFO,03/01/2022,09:27:16,17530,17529.3,150,17532.95,150,0,828550
NIFTY-II.NFO,03/01/2022,09:27:17,17530,17530.75,150,17533.9,400,0,828550
NIFTY-II.NFO,03/01/2022,09:27:18,17530.75,17531.3,100,17533.95,50,50,828550
NIFTY-II.NFO,03/01/2022,09:27:19,17530.75,17530.3,150,17533.85,400,0,828550
NIFTY-II.NFO,03/01/2022,09:27:20,17531.7,17531.7,50,17534,50,200,828550
NIFTY-II.NFO,03/01/2022,09:27:21,17530.7,17531.6,100,17534,50,1000,828550
NIFTY-II.NFO,03/01/2022,09:27:22,17534,17531.35,150,17535,50,50,828550
NIFTY-II.NFO,03/01/2022,09:27:23,17534,17532.3,100,17535,50,0,828550
NIFTY-II.NFO,03/01/2022,09:27:24,17534,17533,50,17535,50,0,828550
NIFTY-II.NFO,03/01/2022,09:27:25,17534,17533.35,150,17535,50,0,828550
NIFTY-II.NFO,03/01/2022,09:27:27,17535,17534.3,100,17537.05,50,50,828550
NIFTY-II.NFO,03/01/2022,09:27:28,17535,17535.05,100,17537.95,50,0,828550
NIFTY-II.NFO,03/01/2022,09:27:29,17538.05,17534.15,150,17537.6,400,50,828550
NIFTY-II.NFO,03/01/2022,09:27:30,17538.05,17535.2,100,17538.45,400,0,828550
NIFTY-II.NFO,03/01/2022,09:27:31,17538.05,17535.85,100,17538.8,400,0,828550
NIFTY-II.NFO,03/01/2022,09:27:32,17538.05,17535.35,100,17538.8,400,0,828550
NIFTY-II.NFO,03/01/2022,09:27:33,17538.05,17536,100,17538.85,50,0,828550
NIFTY-II.NFO,03/01/2022,09:27:34,17538.05,17535.55,100,17538.85,50,0,828550
NIFTY-II.NFO,03/01/2022,09:27:35,17538.05,17536.75,100,17539.25,150,0,828550
NIFTY-II.NFO,03/01/2022,09:27:36,17536.95,17536.2,50,17539.3,400,100,828550
NIFTY-II.NFO,03/01/2022,09:27:37,17536.95,17536.2,50,17539.85,400,0,828550
NIFTY-II.NFO,03/01/2022,09:27:38,17536.95,17536.25,50,17539.75,400,0,828550
NIFTY-II.NFO,03/01/2022,09:27:39,17536.95,17536.2,50,17539.25,550,0,828550
NIFTY-II.NFO,03/01/2022,09:27:40,17536.95,17535.2,50,17537.95,400,0,828550
NIFTY-II.NFO,03/01/2022,09:27:41,17536.95,17535.2,50,17537.75,400,0,828550
NIFTY-II.NFO,03/01/2022,09:27:42,17536.95,17535.2,50,17538,550,0,828550
NIFTY-II.NFO,03/01/2022,09:27:43,17536.95,17535.2,50,17538,400,0,828550
NIFTY-II.NFO,03/01/2022,09:27:44,17536.95,17535.25,50,17538.3,50,0,828550
NIFTY-II.NFO,03/01/2022,09:27:45,17536.95,17535.25,50,17538.25,400,0,828550
NIFTY-II.NFO,03/01/2022,09:27:46,17536.95,17535.25,50,17536.9,50,50,828550
NIFTY-II.NFO,03/01/2022,09:27:47,17536.95,17535.4,100,17536.9,50,0,828550
NIFTY-II.NFO,03/01/2022,09:27:48,17536.95,17535.5,50,17536.9,50,0,828550
NIFTY-II.NFO,03/01/2022,09:27:49,17536.9,17537,450,17539.55,50,50,828550
NIFTY-II.NFO,03/01/2022,09:27:50,17540,17537.05,50,17539.9,50,200,828550
NIFTY-II.NFO,03/01/2022,09:27:51,17540,17537,450,17539.45,150,0,828550
NIFTY-II.NFO,03/01/2022,09:27:52,17537,17535,50,17537.6,150,450,828550
NIFTY-II.NFO,03/01/2022,09:27:53,17537,17537,50,17539.65,50,0,828550
NIFTY-II.NFO,03/01/2022,09:27:55,17537,17536.95,150,17539.1,400,0,828550
NIFTY-II.NFO,03/01/2022,09:27:56,17539.05,17536.95,150,17538.35,150,50,828550
NIFTY-II.NFO,03/01/2022,09:27:57,17539.05,17536.95,150,17538.45,150,0,828550
NIFTY-II.NFO,03/01/2022,09:27:58,17539.95,17537.35,50,17541.25,450,50,828550
NIFTY-II.NFO,03/01/2022,09:27:59,17539.95,17537.05,50,17540.85,550,0,828550
NIFTY-II.NFO,03/01/2022,09:28:00,17539.95,17537,50,17541.2,400,0,828550
NIFTY-II.NFO,03/01/2022,09:28:01,17537.4,17537.35,50,17541.2,400,50,828550
NIFTY-II.NFO,03/01/2022,09:28:02,17537.4,17537.4,100,17541.2,400,0,828550
NIFTY-II.NFO,03/01/2022,09:28:03,17541.1,17537.5,150,17541.1,400,150,828550
NIFTY-II.NFO,03/01/2022,09:28:04,17541.1,17538.05,150,17540,100,0,828550
NIFTY-II.NFO,03/01/2022,09:28:05,17541.1,17538.15,150,17540,100,0,828550
NIFTY-II.NFO,03/01/2022,09:28:06,17541.1,17538,250,17540,100,0,828550
NIFTY-II.NFO,03/01/2022,09:28:07,17538.1,17539.1,100,17543.2,550,1200,828550
NIFTY-II.NFO,03/01/2022,09:28:08,17538.1,17539.55,200,17543.5,400,0,828550
NIFTY-II.NFO,03/01/2022,09:28:09,17538.1,17540.45,100,17544.4,400,0,828550
NIFTY-II.NFO,03/01/2022,09:28:10,17538.1,17539.3,200,17543.35,50,0,828550
NIFTY-II.NFO,03/01/2022,09:28:11,17538.1,17540.15,100,17543.35,50,0,828550
NIFTY-II.NFO,03/01/2022,09:28:12,17538.1,17539.25,100,17543.35,400,0,828550
NIFTY-II.NFO,03/01/2022,09:28:13,17538.1,17540.8,100,17544.15,400,0,828550
NIFTY-II.NFO,03/01/2022,09:28:14,17538.1,17540.2,50,17544.15,400,0,828550
NIFTY-II.NFO,03/01/2022,09:28:16,17538.1,17540.3,150,17543.75,400,0,828550
NIFTY-II.NFO,03/01/2022,09:28:17,17538.1,17540.25,150,17543.5,400,0,828550
NIFTY-II.NFO,03/01/2022,09:28:18,17538.1,17541.65,50,17544.85,400,0,828550
NIFTY-II.NFO,03/01/2022,09:28:19,17538.1,17541.65,50,17544.55,50,0,828550
NIFTY-II.NFO,03/01/2022,09:28:20,17538.1,17541.2,50,17544.35,400,0,828550
NIFTY-II.NFO,03/01/2022,09:28:21,17538.1,17540.55,50,17544.35,400,0,828550
NIFTY-II.NFO,03/01/2022,09:28:22,17538.1,17540.75,150,17543,50,0,828550
NIFTY-II.NFO,03/01/2022,09:28:23,17538.1,17541.55,50,17543,50,0,828550
NIFTY-II.NFO,03/01/2022,09:28:24,17541.6,17541.6,50,17544.7,400,100,828550
NIFTY-II.NFO,03/01/2022,09:28:25,17541.6,17541.6,50,17544.7,400,0,828550
NIFTY-II.NFO,03/01/2022,09:28:27,17541.6,17541.55,50,17544.7,400,0,828550
NIFTY-II.NFO,03/01/2022,09:28:28,17541.6,17539.75,150,17542.9,50,0,828550
NIFTY-II.NFO,03/01/2022,09:28:29,17541.6,17539.85,150,17542.9,50,0,828550
NIFTY-II.NFO,03/01/2022,09:28:30,17541.6,17540.4,100,17544,400,0,828550
NIFTY-II.NFO,03/01/2022,09:28:31,17541.6,17540.3,100,17543.5,400,0,828550
NIFTY-II.NFO,03/01/2022,09:28:32,17541.6,17540,150,17543.35,150,0,828550
NIFTY-II.NFO,03/01/2022,09:28:33,17541.6,17540,150,17544,400,0,828550
NIFTY-II.NFO,03/01/2022,09:28:34,17541.6,17542,100,17544,400,0,828550
NIFTY-II.NFO,03/01/2022,09:28:35,17541.6,17542,100,17543.7,150,0,828550
NIFTY-II.NFO,03/01/2022,09:28:36,17541.6,17539.7,50,17543.05,400,150,828550
NIFTY-II.NFO,03/01/2022,09:28:37,17541.6,17539.75,50,17542.6,400,0,828550
NIFTY-II.NFO,03/01/2022,09:28:38,17541.6,17539.75,50,17542.65,50,0,828550
NIFTY-II.NFO,03/01/2022,09:28:39,17541.6,17539.75,50,17542.6,400,0,828550
NIFTY-II.NFO,03/01/2022,09:28:41,17541.6,17538.2,50,17541.25,50,0,828550
NIFTY-II.NFO,03/01/2022,09:28:42,17541.6,17538.1,150,17540.7,50,50,828550
NIFTY-II.NFO,03/01/2022,09:28:43,17541,17538.35,50,17541.6,400,250,828550
NIFTY-II.NFO,03/01/2022,09:28:44,17541,17537.7,50,17540.05,550,0,828550
NIFTY-II.NFO,03/01/2022,09:28:46,17541,17536.75,50,17539,400,0,828550
NIFTY-II.NFO,03/01/2022,09:28:46,17541,17536.75,50,17539.6,400,0,828550
NIFTY-II.NFO,03/01/2022,09:28:47,17541,17536,50,17538.9,550,0,828550
NIFTY-II.NFO,03/01/2022,09:28:49,17541,17535.95,50,17538.85,400,0,828550
NIFTY-II.NFO,03/01/2022,09:28:49,17541,17535.8,50,17538.9,400,0,828550
NIFTY-II.NFO,03/01/2022,09:28:51,17541,17535,350,17538.05,400,0,828550
NIFTY-II.NFO,03/01/2022,09:28:51,17541,17535.7,50,17538.05,400,0,828550
NIFTY-II.NFO,03/01/2022,09:28:53,17538.1,17536.7,200,17541.3,400,1150,828550
NIFTY-II.NFO,03/01/2022,09:28:53,17538.1,17537.55,200,17541.55,400,0,828550
NIFTY-II.NFO,03/01/2022,09:28:54,17538.1,17537.65,250,17541.55,400,0,828550
NIFTY-II.NFO,03/01/2022,09:28:55,17538.1,17538.1,200,17541.6,50,0,828550
NIFTY-II.NFO,03/01/2022,09:28:56,17541.85,17538.65,250,17543.05,400,100,828550
NIFTY-II.NFO,03/01/2022,09:28:57,17541.85,17538.85,250,17543.1,400,0,828550
NIFTY-II.NFO,03/01/2022,09:28:58,17543.4,17539.85,400,17543.55,300,250,828550
NIFTY-II.NFO,03/01/2022,09:29:00,17543.4,17539.8,50,17543.35,300,0,828550
NIFTY-II.NFO,03/01/2022,09:29:00,17543.4,17539.85,50,17543.45,300,0,828550
NIFTY-II.NFO,03/01/2022,09:29:01,17543.4,17538.2,400,17541.75,300,0,828550
NIFTY-II.NFO,03/01/2022,09:29:02,17543.4,17539.5,450,17542.7,300,0,828550
NIFTY-II.NFO,03/01/2022,09:29:03,17543.4,17540.35,400,17543.7,300,0,828550
NIFTY-II.NFO,03/01/2022,09:29:04,17540.6,17540.15,100,17543.1,400,500,828550
NIFTY-II.NFO,03/01/2022,09:29:05,17540.6,17539.9,100,17543.4,550,0,828550
NIFTY-II.NFO,03/01/2022,09:29:06,17540.6,17540.65,200,17543.9,150,0,828550
NIFTY-II.NFO,03/01/2022,09:29:07,17540.6,17543.4,50,17544.5,400,0,828550
NIFTY-II.NFO,03/01/2022,09:29:09,17540.6,17543.4,50,17544.75,150,0,828550
NIFTY-II.NFO,03/01/2022,09:29:10,17540.6,17543.4,50,17544.9,50,0,828550
NIFTY-II.NFO,03/01/2022,09:29:16,17542.25,17542.2,50,17544.9,50,100,828550
NIFTY-II.NFO,03/01/2022,09:29:16,17542.25,17542,50,17544.9,50,0,828550
NIFTY-II.NFO,03/01/2022,09:29:17,17542.25,17542.1,50,17544.9,50,0,828550
NIFTY-II.NFO,03/01/2022,09:29:18,17542.25,17541.5,50,17544.75,400,0,828550
NIFTY-II.NFO,03/01/2022,09:29:19,17542.25,17541.6,50,17544.85,400,0,828550
NIFTY-II.NFO,03/01/2022,09:29:20,17542.25,17541.8,50,17544.9,50,0,828550
NIFTY-II.NFO,03/01/2022,09:29:21,17542.25,17541.9,150,17544.85,400,0,828550
NIFTY-II.NFO,03/01/2022,09:29:22,17542.25,17541.6,50,17544.9,50,0,828550
NIFTY-II.NFO,03/01/2022,09:29:23,17542.25,17541.75,50,17544.9,50,0,828550
NIFTY-II.NFO,03/01/2022,09:29:24,17542.25,17541.15,50,17544.1,150,0,828550
NIFTY-II.NFO,03/01/2022,09:29:25,17542.25,17541.5,50,17544.85,550,0,828550
NIFTY-II.NFO,03/01/2022,09:29:26,17542.25,17541,50,17543.45,550,0,828550
NIFTY-II.NFO,03/01/2022,09:29:27,17542.25,17541,50,17544.1,400,0,828550
NIFTY-II.NFO,03/01/2022,09:29:28,17542.25,17541.1,50,17544.3,400,0,828550
NIFTY-II.NFO,03/01/2022,09:29:29,17542.25,17541.35,50,17544.85,400,0,828550
NIFTY-II.NFO,03/01/2022,09:29:30,17542.25,17542,50,17544.85,400,0,828550
NIFTY-II.NFO,03/01/2022,09:29:31,17542.25,17542.05,50,17544.9,50,0,828550
NIFTY-II.NFO,03/01/2022,09:29:32,17542.25,17542.15,50,17544.9,50,0,828550
NIFTY-II.NFO,03/01/2022,09:29:33,17542.25,17543,50,17544.9,50,0,828550
NIFTY-II.NFO,03/01/2022,09:29:35,17542.25,17542.8,50,17544.9,50,0,828550
NIFTY-II.NFO,03/01/2022,09:29:36,17542.25,17542.8,150,17544.9,50,0,828550
NIFTY-II.NFO,03/01/2022,09:29:37,17542.9,17542.75,50,17544.9,50,50,829650
NIFTY-II.NFO,03/01/2022,09:29:38,17542.9,17542.75,50,17544.9,50,0,829650
NIFTY-II.NFO,03/01/2022,09:29:39,17545.75,17543.55,350,17545.7,50,400,829650
NIFTY-II.NFO,03/01/2022,09:29:40,17547,17545.4,300,17549.1,550,150,829650
NIFTY-II.NFO,03/01/2022,09:29:41,17547,17545.4,400,17549.7,400,0,829650
NIFTY-II.NFO,03/01/2022,09:29:42,17547,17545.5,300,17549,400,0,829650
NIFTY-II.NFO,03/01/2022,09:29:43,17545.45,17544.85,50,17547.55,400,350,829650
NIFTY-II.NFO,03/01/2022,09:29:44,17545.45,17544.7,50,17547.35,400,0,829650
NIFTY-II.NFO,03/01/2022,09:29:45,17545.45,17544.7,50,17547.15,100,0,829650
NIFTY-II.NFO,03/01/2022,09:29:46,17545.45,17544.7,50,17547,400,0,829650
NIFTY-II.NFO,03/01/2022,09:29:47,17545.45,17542.5,50,17545.2,150,0,829650
NIFTY-II.NFO,03/01/2022,09:29:48,17545.45,17542.15,50,17545,400,0,829650
NIFTY-II.NFO,03/01/2022,09:29:49,17545.45,17542.85,50,17545.8,150,0,829650
NIFTY-II.NFO,03/01/2022,09:29:50,17545.8,17545,50,17546.55,100,50,829650
NIFTY-II.NFO,03/01/2022,09:29:51,17545.8,17545,50,17547.05,400,0,829650
NIFTY-II.NFO,03/01/2022,09:29:52,17545.8,17545,50,17546.95,400,0,829650
NIFTY-II.NFO,03/01/2022,09:29:53,17545.8,17545,50,17545.85,100,0,829650
NIFTY-II.NFO,03/01/2022,09:29:54,17545.8,17545,50,17547,400,0,829650
NIFTY-II.NFO,03/01/2022,09:29:55,17545.8,17545,50,17547.1,100,0,829650
NIFTY-II.NFO,03/01/2022,09:29:57,17545.8,17545.05,100,17547.3,100,0,829650
NIFTY-II.NFO,03/01/2022,09:29:58,17545.05,17545,50,17546.85,100,50,829650
NIFTY-II.NFO,03/01/2022,09:29:59,17545.05,17545,50,17546.8,100,0,829650
NIFTY-II.NFO,03/01/2022,09:30:00,17545.05,17545,50,17546,50,0,829650
NIFTY-II.NFO,03/01/2022,09:30:01,17546,17545.45,50,17548.7,400,50,829650
NIFTY-II.NFO,03/01/2022,09:30:02,17546,17546.7,50,17549.9,400,0,829650
NIFTY-II.NFO,03/01/2022,09:30:04,17546,17547.15,50,17549.95,450,0,829650
NIFTY-II.NFO,03/01/2022,09:30:05,17546,17547.2,50,17549.95,50,0,829650
NIFTY-II.NFO,03/01/2022,09:30:06,17546,17548,50,17549.95,50,0,829650
NIFTY-II.NFO,03/01/2022,09:30:07,17546,17548.2,50,17549.95,50,0,829650
NIFTY-II.NFO,03/01/2022,09:30:08,17546,17548.4,100,17549.95,50,0,829650
NIFTY-II.NFO,03/01/2022,09:30:09,17550,17548.8,150,17550,350,250,829650
NIFTY-II.NFO,03/01/2022,09:30:10,17550,17549.2,50,17550,50,300,829650
NIFTY-II.NFO,03/01/2022,09:30:11,17550,17548.1,50,17550,50,0,829650
NIFTY-II.NFO,03/01/2022,09:30:12,17550,17548.55,100,17550,50,0,829650
NIFTY-II.NFO,03/01/2022,09:30:13,17550,17548.9,100,17552.6,100,150,829650
NIFTY-II.NFO,03/01/2022,09:30:14,17550,17549.65,100,17552.9,50,0,829650
NIFTY-II.NFO,03/01/2022,09:30:15,17550,17549.2,50,17552.25,400,0,829650
NIFTY-II.NFO,03/01/2022,09:30:16,17550,17549.2,50,17551.95,400,0,829650
NIFTY-II.NFO,03/01/2022,09:30:18,17550,17549.2,50,17551.95,100,0,829650
NIFTY-II.NFO,03/01/2022,09:30:18,17550,17549.2,50,17552.85,400,0,829650
NIFTY-II.NFO,03/01/2022,09:30:20,17550,17550.15,50,17552.9,50,0,829650
NIFTY-II.NFO,03/01/2022,09:30:21,17550,17550.3,50,17552.9,50,0,829650
NIFTY-II.NFO,03/01/2022,09:30:22,17550,17550.7,50,17552.9,50,0,829650
NIFTY-II.NFO,03/01/2022,09:30:25,17550,17546.95,50,17549.75,150,0,829650
NIFTY-II.NFO,03/01/2022,09:30:26,17550,17546.9,50,17549.45,400,0,829650
NIFTY-II.NFO,03/01/2022,09:30:27,17550,17546.9,50,17550.6,400,0,829650
NIFTY-II.NFO,03/01/2022,09:30:28,17548.75,17546.9,50,17549.45,400,100,829650
NIFTY-II.NFO,03/01/2022,09:30:29,17548.75,17546,50,17547.75,400,0,829650
NIFTY-II.NFO,03/01/2022,09:30:29,17547.75,17544.95,50,17547.55,400,50,829650
NIFTY-II.NFO,03/01/2022,09:30:31,17547.75,17544.95,50,17548,550,0,829650
NIFTY-II.NFO,03/01/2022,09:30:31,17547.75,17544.95,50,17547.9,550,0,829650
NIFTY-II.NFO,03/01/2022,09:30:32,17548.35,17545,100,17548.05,400,50,829650
NIFTY-II.NFO,03/01/2022,09:30:33,17548.05,17544.95,50,17548.05,400,100,829650
NIFTY-II.NFO,03/01/2022,09:30:34,17548.05,17545.05,200,17548.8,550,0,829650
NIFTY-II.NFO,03/01/2022,09:30:35,17548.05,17545.55,200,17549.35,400,0,829650
NIFTY-II.NFO,03/01/2022,09:30:36,17548.05,17545.6,200,17547.75,50,0,829650
NIFTY-II.NFO,03/01/2022,09:30:37,17547.75,17547.1,200,17550.7,150,50,829650
NIFTY-II.NFO,03/01/2022,09:30:38,17547.75,17548,200,17550.7,150,0,829650
NIFTY-II.NFO,03/01/2022,09:30:40,17547.75,17549.2,200,17550.7,150,0,829650
NIFTY-II.NFO,03/01/2022,09:30:42,17550.7,17549.1,200,17552.9,50,150,829650
NIFTY-II.NFO,03/01/2022,09:30:42,17550.7,17549.3,200,17552.9,50,0,829650
NIFTY-II.NFO,03/01/2022,09:30:44,17550.7,17549.05,200,17552.85,400,0,829650
NIFTY-II.NFO,03/01/2022,09:30:44,17550.7,17548.8,50,17551.85,400,0,829650
NIFTY-II.NFO,03/01/2022,09:30:45,17550.7,17548.85,200,17552.25,550,0,829650
NIFTY-II.NFO,03/01/2022,09:30:46,17550.7,17549.05,200,17552.75,400,0,829650
NIFTY-II.NFO,03/01/2022,09:30:47,17550.7,17549.45,200,17552.9,50,0,829650
NIFTY-II.NFO,03/01/2022,09:30:48,17552.9,17549.05,200,17552.9,150,50,829650
NIFTY-II.NFO,03/01/2022,09:30:50,17552.9,17548.1,200,17551.7,550,0,829650
NIFTY-II.NFO,03/01/2022,09:30:51,17548.35,17548.1,150,17551.15,400,50,829650
NIFTY-II.NFO,03/01/2022,09:30:52,17548.35,17548.2,150,17552.3,550,0,829650
NIFTY-II.NFO,03/01/2022,09:30:53,17548.35,17548.1,150,17551.55,400,0,829650
NIFTY-II.NFO,03/01/2022,09:30:53,17548.35,17548.2,150,17551.9,550,0,829650
NIFTY-II.NFO,03/01/2022,09:30:54,17548.35,17548.1,150,17551.75,550,0,829650
NIFTY-II.NFO,03/01/2022,09:30:55,17548.35,17548.1,150,17551.1,400,0,829650
NIFTY-II.NFO,03/01/2022,09:30:57,17548.35,17547.8,150,17551.15,400,0,829650
NIFTY-II.NFO,03/01/2022,09:30:58,17548.35,17547.8,150,17551.35,400,0,829650
NIFTY-II.NFO,03/01/2022,09:30:59,17548.35,17547.95,150,17551.65,400,0,829650
NIFTY-II.NFO,03/01/2022,09:31:00,17550.9,17547.75,50,17550.6,550,250,829650
NIFTY-II.NFO,03/01/2022,09:31:01,17550.9,17547.75,50,17550.55,400,0,829650
NIFTY-II.NFO,03/01/2022,09:31:02,17550.9,17547.75,50,17549.6,400,0,829650
NIFTY-II.NFO,03/01/2022,09:31:03,17549.45,17547.75,50,17548.85,300,100,829650
NIFTY-II.NFO,03/01/2022,09:31:04,17547.75,17545,50,17547.75,450,50,829650
NIFTY-II.NFO,03/01/2022,09:31:05,17547.75,17545,50,17547.75,300,0,829650
NIFTY-II.NFO,03/01/2022,09:31:06,17547.75,17545,50,17546.75,300,0,829650
NIFTY-II.NFO,03/01/2022,09:31:08,17547.75,17545.3,400,17549.2,300,0,829650
NIFTY-II.NFO,03/01/2022,09:31:08,17547.75,17545.3,400,17549.05,300,0,829650
NIFTY-II.NFO,03/01/2022,09:31:09,17547.75,17545.1,400,17548.6,450,0,829650
NIFTY-II.NFO,03/01/2022,09:31:10,17547.75,17545.2,400,17548.95,300,0,829650
NIFTY-II.NFO,03/01/2022,09:31:11,17547.75,17545.1,400,17548.7,300,0,829650
NIFTY-II.NFO,03/01/2022,09:31:12,17548.5,17545,50,17547.75,300,150,829650
NIFTY-II.NFO,03/01/2022,09:31:13,17544.5,17540.8,400,17545.15,300,100,829650
NIFTY-II.NFO,03/01/2022,09:31:14,17544.5,17541.3,400,17546.2,150,0,829650
NIFTY-II.NFO,03/01/2022,09:31:15,17544.5,17540.05,400,17544.5,300,0,829650
NIFTY-II.NFO,03/01/2022,09:31:16,17544.5,17540,150,17542.25,300,0,829650
NIFTY-II.NFO,03/01/2022,09:31:18,17540,17536.9,50,17540.85,300,150,829650
NIFTY-II.NFO,03/01/2022,09:31:19,17540,17535.8,400,17539.4,300,0,829650
NIFTY-II.NFO,03/01/2022,09:31:20,17540,17538.25,50,17540.65,150,0,829650
NIFTY-II.NFO,03/01/2022,09:31:21,17540,17537.35,50,17540.5,300,0,829650
NIFTY-II.NFO,03/01/2022,09:31:22,17540,17535.8,400,17540.35,300,0,829650
NIFTY-II.NFO,03/01/2022,09:31:23,17539.6,17535.15,50,17538.2,100,50,829650
NIFTY-II.NFO,03/01/2022,09:31:24,17539.6,17532.75,400,17537.45,250,0,829650
NIFTY-II.NFO,03/01/2022,09:31:25,17539.6,17532.05,400,17536.35,250,0,829650
NIFTY-II.NFO,03/01/2022,09:31:26,17539.6,17532.15,400,17536.2,250,0,829650
NIFTY-II.NFO,03/01/2022,09:31:27,17537.1,17532.15,400,17536.8,200,50,829650
NIFTY-II.NFO,03/01/2022,09:31:28,17537.1,17532.15,400,17536,200,0,829650
NIFTY-II.NFO,03/01/2022,09:31:29,17537.1,17533.5,50,17536.1,50,0,829650
NIFTY-II.NFO,03/01/2022,09:31:30,17537.1,17532.4,400,17536.95,150,50,829650
NIFTY-II.NFO,03/01/2022,09:31:31,17537.1,17533.95,50,17537.2,150,0,829650
NIFTY-II.NFO,03/01/2022,09:31:32,17537.1,17535.25,50,17539.05,150,0,829650
NIFTY-II.NFO,03/01/2022,09:31:33,17537.1,17535.75,400,17540.5,150,0,829650
NIFTY-II.NFO,03/01/2022,09:31:34,17535.7,17535.65,50,17539.25,50,50,829650
NIFTY-II.NFO,03/01/2022,09:31:35,17535.7,17539,50,17541.25,50,0,829650
NIFTY-II.NFO,03/01/2022,09:31:36,17539,17536.1,400,17540.45,50,50,829650
NIFTY-II.NFO,03/01/2022,09:31:37,17539,17536.1,400,17540.85,50,0,829650
NIFTY-II.NFO,03/01/2022,09:31:38,17539,17537.8,400,17541.9,50,0,829650
NIFTY-II.NFO,03/01/2022,09:31:39,17539,17537.8,400,17542.05,50,0,829650
NIFTY-II.NFO,03/01/2022,09:31:40,17539,17540.05,50,17543.7,100,0,829650
NIFTY-II.NFO,03/01/2022,09:31:41,17539,17540.1,400,17544.05,50,0,829650
NIFTY-II.NFO,03/01/2022,09:31:42,17539,17540.05,50,17543.45,50,0,829650
NIFTY-II.NFO,03/01/2022,09:31:43,17539,17538.9,400,17543.6,50,0,829650
NIFTY-II.NFO,03/01/2022,09:31:44,17540,17540.45,500,17544.2,50,50,829650
NIFTY-II.NFO,03/01/2022,09:31:45,17540,17542.75,400,17544.5,50,0,829650
NIFTY-II.NFO,03/01/2022,09:31:46,17540,17542.65,50,17544.5,50,0,829650
NIFTY-II.NFO,03/01/2022,09:31:47,17540,17541.25,50,17544.45,50,0,829650
NIFTY-II.NFO,03/01/2022,09:31:48,17540,17539.75,450,17544.35,50,0,829650
NIFTY-II.NFO,03/01/2022,09:31:49,17540,17541.55,400,17546,50,0,829650
NIFTY-II.NFO,03/01/2022,09:31:50,17540,17544.5,400,17547.7,50,0,829650
NIFTY-II.NFO,03/01/2022,09:31:51,17540,17543.7,400,17547.7,50,0,829650
NIFTY-II.NFO,03/01/2022,09:31:53,17540,17543.4,400,17546.8,50,0,829650
NIFTY-II.NFO,03/01/2022,09:31:54,17540,17542.2,400,17546.6,100,0,829650
NIFTY-II.NFO,03/01/2022,09:31:55,17542.2,17542.2,400,17545.6,150,100,829650
NIFTY-II.NFO,03/01/2022,09:31:56,17542.2,17540.25,400,17544.1,300,0,829650
NIFTY-II.NFO,03/01/2022,09:31:57,17542.2,17540.1,450,17543.55,150,0,829650
NIFTY-II.NFO,03/01/2022,09:31:58,17542.2,17540.15,50,17543.1,150,0,829650
NIFTY-II.NFO,03/01/2022,09:31:59,17542.2,17540.35,400,17544.15,150,0,829650
NIFTY-II.NFO,03/01/2022,09:32:00,17542.2,17540.15,400,17544.3,150,0,829650
NIFTY-II.NFO,03/01/2022,09:32:01,17542.2,17540,50,17542.8,300,0,829650
NIFTY-II.NFO,03/01/2022,09:32:02,17542.2,17540,50,17542.5,300,0,829650
NIFTY-II.NFO,03/01/2022,09:32:03,17542.2,17540,50,17542.1,150,0,829650
NIFTY-II.NFO,03/01/2022,09:32:04,17542.2,17540,50,17541.75,150,0,829650
NIFTY-II.NFO,03/01/2022,09:32:05,17542.2,17540.3,400,17544.25,400,0,829650
NIFTY-II.NFO,03/01/2022,09:32:06,17542.2,17540.3,400,17544.4,150,0,829650
NIFTY-II.NFO,03/01/2022,09:32:08,17542.2,17540.45,400,17544.1,300,0,829650
NIFTY-II.NFO,03/01/2022,09:32:09,17542.2,17540,50,17542.85,150,0,829650
NIFTY-II.NFO,03/01/2022,09:32:10,17542.2,17540,50,17542.45,150,0,829650
NIFTY-II.NFO,03/01/2022,09:32:11,17542.2,17540,50,17542.8,150,0,829650
NIFTY-II.NFO,03/01/2022,09:32:12,17542.2,17540,50,17542.15,150,0,829650
NIFTY-II.NFO,03/01/2022,09:32:13,17542.2,17540,50,17542.55,150,0,829650
NIFTY-II.NFO,03/01/2022,09:32:14,17542.2,17540,50,17543.15,200,0,829650
NIFTY-II.NFO,03/01/2022,09:32:15,17542.2,17540,50,17541.85,150,0,829650
NIFTY-II.NFO,03/01/2022,09:32:16,17542.2,17540,50,17541.9,150,0,829650
NIFTY-II.NFO,03/01/2022,09:32:17,17542.2,17540,50,17542.55,150,0,829650
NIFTY-II.NFO,03/01/2022,09:32:18,17542.2,17540,50,17541.1,150,0,829650
NIFTY-II.NFO,03/01/2022,09:32:20,17542.2,17540,50,17542.6,150,0,829650
NIFTY-II.NFO,03/01/2022,09:32:21,17542.2,17540,50,17542.65,400,0,829650
NIFTY-II.NFO,03/01/2022,09:32:22,17542.2,17540,50,17542.1,150,0,829650
NIFTY-II.NFO,03/01/2022,09:32:23,17542.2,17540,50,17541.85,400,0,829650
NIFTY-II.NFO,03/01/2022,09:32:24,17542.2,17540,50,17541.35,150,0,829650
NIFTY-II.NFO,03/01/2022,09:32:25,17542.2,17540,50,17542.2,150,0,829650
NIFTY-II.NFO,03/01/2022,09:32:26,17542.2,17540,50,17543,150,0,829650
NIFTY-II.NFO,03/01/2022,09:32:27,17542.2,17540,50,17543.1,200,0,829650
NIFTY-II.NFO,03/01/2022,09:32:28,17542.2,17540,50,17542,150,0,829650
NIFTY-II.NFO,03/01/2022,09:32:29,17542.2,17540,50,17541,150,0,829650
NIFTY-II.NFO,03/01/2022,09:32:30,17541,17540,50,17540.45,100,50,829700
NIFTY-II.NFO,03/01/2022,09:32:31,17540,17536.55,400,17540.2,100,50,829700
NIFTY-II.NFO,03/01/2022,09:32:32,17540,17536.5,50,17540.2,250,0,829700
NIFTY-II.NFO,03/01/2022,09:32:33,17540,17536.55,400,17540.75,250,0,829700
NIFTY-II.NFO,03/01/2022,09:32:34,17540,17536.55,400,17540.9,100,0,829700
NIFTY-II.NFO,03/01/2022,09:32:35,17540,17536.55,400,17539.95,100,0,829700
NIFTY-II.NFO,03/01/2022,09:32:36,17540,17536.55,400,17540.45,100,0,829700
NIFTY-II.NFO,03/01/2022,09:32:37,17540,17536.55,400,17540.5,100,0,829700
NIFTY-II.NFO,03/01/2022,09:32:38,17536.55,17535.95,400,17539.75,200,100,829700
NIFTY-II.NFO,03/01/2022,09:32:39,17536.55,17536.9,400,17541.1,200,0,829700
NIFTY-II.NFO,03/01/2022,09:32:40,17536.55,17535.05,400,17538.85,350,0,829700
NIFTY-II.NFO,03/01/2022,09:32:41,17536.55,17535.2,400,17539.45,250,0,829700
NIFTY-II.NFO,03/01/2022,09:32:42,17536.55,17535.2,400,17538.8,200,0,829700
NIFTY-II.NFO,03/01/2022,09:32:43,17536.55,17535.3,50,17538.6,200,0,829700
NIFTY-II.NFO,03/01/2022,09:32:44,17536.55,17535.25,400,17538.95,200,0,829700
NIFTY-II.NFO,03/01/2022,09:32:45,17536.55,17535,100,17538.45,200,0,829700
NIFTY-II.NFO,03/01/2022,09:32:46,17536.55,17535,100,17537.9,200,0,829700
NIFTY-II.NFO,03/01/2022,09:32:47,17536.55,17535,100,17537.5,200,0,829700
NIFTY-II.NFO,03/01/2022,09:32:48,17536.55,17535,100,17537.05,250,0,829700
NIFTY-II.NFO,03/01/2022,09:32:49,17536.55,17535,100,17537.35,200,0,829700
NIFTY-II.NFO,03/01/2022,09:32:50,17536.55,17535,100,17537.65,200,0,829700
NIFTY-II.NFO,03/01/2022,09:32:51,17536.55,17535.75,50,17537.85,200,0,829700
NIFTY-II.NFO,03/01/2022,09:32:52,17536.55,17535.9,50,17538.15,200,0,829700
NIFTY-II.NFO,03/01/2022,09:32:53,17535.1,17535.5,50,17537.95,200,100,829700
NIFTY-II.NFO,03/01/2022,09:32:54,17535.55,17535,100,17537.95,250,50,829700
NIFTY-II.NFO,03/01/2022,09:32:55,17535.55,17535.15,50,17537.95,200,0,829700
NIFTY-II.NFO,03/01/2022,09:32:56,17535.55,17535.15,50,17538.05,200,0,829700
NIFTY-II.NFO,03/01/2022,09:32:57,17535.55,17535,100,17536.55,200,0,829700
NIFTY-II.NFO,03/01/2022,09:32:58,17535,17532,50,17534.8,200,100,829700
NIFTY-II.NFO,03/01/2022,09:32:59,17535,17532.65,50,17535.8,200,0,829700
NIFTY-II.NFO,03/01/2022,09:33:00,17535,17532,50,17534.7,200,0,829700
NIFTY-II.NFO,03/01/2022,09:33:01,17535,17532,50,17533.45,200,0,829700
NIFTY-II.NFO,03/01/2022,09:33:02,17535,17532,50,17532.9,250,0,829700
NIFTY-II.NFO,03/01/2022,09:33:03,17535,17532,50,17533.85,200,0,829700
NIFTY-II.NFO,03/01/2022,09:33:04,17535,17532.15,50,17534.95,200,0,829700
NIFTY-II.NFO,03/01/2022,09:33:05,17535,17533.5,50,17535,50,0,829700
NIFTY-II.NFO,03/01/2022,09:33:06,17535,17532.95,50,17535,50,0,829700
NIFTY-II.NFO,03/01/2022,09:33:07,17535,17532,100,17534.5,200,0,829700
NIFTY-II.NFO,03/01/2022,09:33:08,17535,17532.15,50,17534.85,200,0,829700
NIFTY-II.NFO,03/01/2022,09:33:09,17535,17532,50,17534.25,200,0,829700
NIFTY-II.NFO,03/01/2022,09:33:10,17535,17532,50,17534.8,200,0,829700
NIFTY-II.NFO,03/01/2022,09:33:11,17535,17532,50,17534.85,200,0,829700
NIFTY-II.NFO,03/01/2022,09:33:12,17535,17532.1,50,17534.85,200,0,829700
NIFTY-II.NFO,03/01/2022,09:33:13,17532.55,17532.1,100,17534.85,200,50,829700
NIFTY-II.NFO,03/01/2022,09:33:14,17534.2,17532,50,17534.2,150,50,829700
NIFTY-II.NFO,03/01/2022,09:33:15,17534.2,17533,100,17535,50,0,829700
NIFTY-II.NFO,03/01/2022,09:33:16,17534.2,17533.8,100,17535,50,0,829700
NIFTY-II.NFO,03/01/2022,09:33:18,17535,17533.8,500,17536,50,50,829700
NIFTY-II.NFO,03/01/2022,09:33:19,17536,17535.65,100,17538.95,150,50,829700
NIFTY-II.NFO,03/01/2022,09:33:20,17536,17535.75,100,17538.75,200,0,829700
NIFTY-II.NFO,03/01/2022,09:33:21,17535.7,17532.85,50,17536.25,150,50,829700
NIFTY-II.NFO,03/01/2022,09:33:22,17535.7,17533.75,50,17536.55,150,0,829700
NIFTY-II.NFO,03/01/2022,09:33:23,17535.7,17534.25,50,17537.05,300,0,829700
NIFTY-II.NFO,03/01/2022,09:33:24,17535.7,17534.55,50,17538.15,150,0,829700
NIFTY-II.NFO,03/01/2022,09:33:25,17535.7,17533.8,50,17536.85,150,0,829700
NIFTY-II.NFO,03/01/2022,09:33:26,17535.7,17534.7,50,17537.7,150,0,829700
NIFTY-II.NFO,03/01/2022,09:33:27,17535.7,17536.35,50,17538.85,150,0,829700
NIFTY-II.NFO,03/01/2022,09:33:28,17535.7,17537.25,50,17540.3,150,0,829700
NIFTY-II.NFO,03/01/2022,09:33:29,17535.7,17536.65,50,17539.15,150,0,829700
NIFTY-II.NFO,03/01/2022,09:33:30,17535.7,17536.45,50,17539.55,150,0,829700
NIFTY-II.NFO,03/01/2022,09:33:31,17535.7,17535.55,400,17539.95,150,0,829700
NIFTY-II.NFO,03/01/2022,09:33:32,17535.7,17536.7,50,17539.9,150,0,829700
NIFTY-II.NFO,03/01/2022,09:33:33,17535.7,17534.8,50,17538,200,0,829700
NIFTY-II.NFO,03/01/2022,09:33:34,17535.7,17534.75,50,17537.7,150,0,829700
NIFTY-II.NFO,03/01/2022,09:33:35,17535.7,17535.7,50,17536.6,400,0,829700
NIFTY-II.NFO,03/01/2022,09:33:36,17535.7,17533.65,50,17535.95,150,50,829700
NIFTY-II.NFO,03/01/2022,09:33:37,17535.7,17535.55,50,17538.2,150,0,829700
NIFTY-II.NFO,03/01/2022,09:33:38,17535.7,17535.4,50,17537.65,150,0,829700
NIFTY-II.NFO,03/01/2022,09:33:39,17535.7,17535.9,50,17538.75,150,0,829700
NIFTY-II.NFO,03/01/2022,09:33:40,17535.7,17535.85,50,17538.75,150,0,829700
NIFTY-II.NFO,03/01/2022,09:33:41,17535.7,17535.1,50,17537.85,150,0,829700
NIFTY-II.NFO,03/01/2022,09:33:42,17535.7,17535.35,50,17537.95,150,0,829700
NIFTY-II.NFO,03/01/2022,09:33:43,17535.7,17534.9,50,17537.95,150,0,829700
NIFTY-II.NFO,03/01/2022,09:33:44,17535.7,17533.95,50,17537.1,150,0,829700
NIFTY-II.NFO,03/01/2022,09:33:45,17535.7,17535.55,50,17538,150,0,829700
NIFTY-II.NFO,03/01/2022,09:33:46,17535.7,17535.4,50,17538,150,0,829700
NIFTY-II.NFO,03/01/2022,09:33:47,17535.7,17535.15,50,17538,150,0,829700
NIFTY-II.NFO,03/01/2022,09:33:48,17535.35,17535.6,100,17538.4,150,50,829700
NIFTY-II.NFO,03/01/2022,09:33:49,17535.7,17537.1,50,17539.95,150,50,829700
NIFTY-II.NFO,03/01/2022,09:33:50,17535.7,17536.15,50,17539.2,150,0,829700
NIFTY-II.NFO,03/01/2022,09:33:51,17535.7,17535.85,50,17538.9,200,0,829700
NIFTY-II.NFO,03/01/2022,09:33:52,17535.7,17536.25,50,17539.25,150,0,829700
NIFTY-II.NFO,03/01/2022,09:33:53,17535.7,17535.8,50,17538.85,150,0,829700
NIFTY-II.NFO,03/01/2022,09:33:54,17535.7,17534.8,50,17537.8,150,0,829700
NIFTY-II.NFO,03/01/2022,09:33:55,17535.7,17534.55,50,17537.5,150,0,829700
NIFTY-II.NFO,03/01/2022,09:33:56,17537.5,17533.45,50,17536.7,100,50,829700
NIFTY-II.NFO,03/01/2022,09:33:57,17537.5,17533.45,50,17535.9,350,0,829700
NIFTY-II.NFO,03/01/2022,09:33:58,17537.5,17534.4,50,17537.45,250,0,829700
NIFTY-II.NFO,03/01/2022,09:33:59,17537.5,17534.75,50,17537.45,100,0,829700
NIFTY-II.NFO,03/01/2022,09:34:00,17537.5,17532,50,17535,100,0,829700
NIFTY-II.NFO,03/01/2022,09:34:01,17537.5,17532.25,50,17534.55,100,0,829700
NIFTY-II.NFO,03/01/2022,09:34:02,17537.5,17532,50,17534.45,100,0,829700
NIFTY-II.NFO,03/01/2022,09:34:03,17537.5,17532,50,17533.2,250,0,829700
NIFTY-II.NFO,03/01/2022,09:34:04,17537.5,17532,50,17532.7,250,0,829700
NIFTY-II.NFO,03/01/2022,09:34:05,17537.5,17532,50,17532.75,250,0,829700
NIFTY-II.NFO,03/01/2022,09:34:06,17532,17530,350,17531.75,50,50,829700
NIFTY-II.NFO,03/01/2022,09:34:07,17532,17530,350,17531.6,250,0,829700
NIFTY-II.NFO,03/01/2022,09:34:08,17530,17530.05,50,17532.5,250,50,829700
NIFTY-II.NFO,03/01/2022,09:34:09,17530,17531.65,50,17535,100,0,829700
NIFTY-II.NFO,03/01/2022,09:34:10,17530,17532.2,50,17535.15,100,0,829700
NIFTY-II.NFO,03/01/2022,09:34:11,17530,17530.1,400,17533,100,0,829700
NIFTY-II.NFO,03/01/2022,09:34:12,17530,17530.1,400,17532.6,250,0,829700
NIFTY-II.NFO,03/01/2022,09:34:13,17530,17530.3,400,17533.15,250,0,829700
NIFTY-II.NFO,03/01/2022,09:34:14,17530.65,17530.1,400,17533.05,100,50,829700
NIFTY-II.NFO,03/01/2022,09:34:15,17530.65,17530,300,17531.45,250,0,829700
NIFTY-II.NFO,03/01/2022,09:34:16,17530.65,17530.15,50,17532.45,150,0,829700
NIFTY-II.NFO,03/01/2022,09:34:17,17530.5,17530.15,50,17532.5,250,50,829700
NIFTY-II.NFO,03/01/2022,09:34:18,17530.5,17530,300,17532.75,250,0,829700
NIFTY-II.NFO,03/01/2022,09:34:19,17530.5,17530.2,400,17533,250,0,829700
NIFTY-II.NFO,03/01/2022,09:34:20,17530.5,17530,350,17532.85,100,0,829700
NIFTY-II.NFO,03/01/2022,09:34:21,17530.5,17530.65,50,17533.45,100,0,829700
NIFTY-II.NFO,03/01/2022,09:34:22,17530.5,17530.95,50,17533.4,100,0,829700
NIFTY-II.NFO,03/01/2022,09:34:23,17530.5,17530,300,17531.55,250,0,829700
NIFTY-II.NFO,03/01/2022,09:34:24,17530.5,17530,350,17532.3,250,0,829700
NIFTY-II.NFO,03/01/2022,09:34:25,17530.5,17530,350,17531.9,250,0,829700
NIFTY-II.NFO,03/01/2022,09:34:26,17530.5,17530,450,17532.05,250,0,829700
NIFTY-II.NFO,03/01/2022,09:34:27,17530.5,17530.7,50,17532.8,250,0,829700
NIFTY-II.NFO,03/01/2022,09:34:28,17530.5,17530.65,50,17533.05,250,0,829700
NIFTY-II.NFO,03/01/2022,09:34:29,17530.5,17530.65,50,17533.4,250,0,829700
NIFTY-II.NFO,03/01/2022,09:34:30,17530.5,17530.55,400,17533.15,250,0,829700
NIFTY-II.NFO,03/01/2022,09:34:31,17530.5,17530.3,50,17532.6,250,0,829700
NIFTY-II.NFO,03/01/2022,09:34:32,17530.5,17530,450,17532.3,250,0,829700
NIFTY-II.NFO,03/01/2022,09:34:33,17530.5,17530,450,17530.4,250,0,829700
NIFTY-II.NFO,03/01/2022,09:34:34,17530,17530,150,17531.25,150,300,829700
NIFTY-II.NFO,03/01/2022,09:34:35,17530,17527.8,50,17531.1,100,150,829700
NIFTY-II.NFO,03/01/2022,09:34:36,17530,17528.8,400,17532.1,100,0,829700
NIFTY-II.NFO,03/01/2022,09:34:37,17530,17529.35,50,17532.5,100,0,829700
NIFTY-II.NFO,03/01/2022,09:34:38,17530,17530.15,50,17533.5,100,0,829700
NIFTY-II.NFO,03/01/2022,09:34:39,17530.05,17530.5,100,17533.6,100,50,829700
NIFTY-II.NFO,03/01/2022,09:34:40,17530.05,17529.9,100,17533.3,100,0,829700
NIFTY-II.NFO,03/01/2022,09:34:41,17530.05,17530.45,100,17533,100,0,829700
NIFTY-II.NFO,03/01/2022,09:34:42,17530.05,17530.05,100,17532.85,100,0,829700
NIFTY-II.NFO,03/01/2022,09:34:43,17530.05,17530.45,100,17532.65,100,0,829700
NIFTY-II.NFO,03/01/2022,09:34:44,17530.05,17532.1,400,17535.6,50,0,829700
NIFTY-II.NFO,03/01/2022,09:34:45,17532.1,17532.35,100,17535.2,150,50,829700
NIFTY-II.NFO,03/01/2022,09:34:46,17532.1,17532.55,400,17535.65,150,0,829700
NIFTY-II.NFO,03/01/2022,09:34:47,17532.1,17533.75,100,17535.7,50,0,829700
NIFTY-II.NFO,03/01/2022,09:34:48,17532.1,17533.95,100,17535.7,50,0,829700
NIFTY-II.NFO,03/01/2022,09:34:49,17532.1,17535.25,100,17535.7,50,0,829700
NIFTY-II.NFO,03/01/2022,09:34:50,17535.7,17536.25,150,17538.9,150,50,829700
NIFTY-II.NFO,03/01/2022,09:34:51,17536.6,17537.05,50,17539.85,150,50,829700
NIFTY-II.NFO,03/01/2022,09:34:52,17536.6,17538.25,50,17540,50,0,829700
NIFTY-II.NFO,03/01/2022,09:34:53,17536.6,17535.85,400,17539.45,200,0,829700
NIFTY-II.NFO,03/01/2022,09:34:54,17536.6,17535.95,400,17539.2,150,0,829700
NIFTY-II.NFO,03/01/2022,09:34:55,17536.6,17536.55,50,17539.85,150,0,829700
NIFTY-II.NFO,03/01/2022,09:34:56,17536.6,17537.05,400,17539.95,150,0,829700
NIFTY-II.NFO,03/01/2022,09:34:57,17536.6,17538.85,50,17540,50,0,829700
NIFTY-II.NFO,03/01/2022,09:34:58,17536.6,17537.6,50,17539.95,150,0,829700
NIFTY-II.NFO,03/01/2022,09:34:59,17536.6,17537.8,50,17540,50,0,829700
NIFTY-II.NFO,03/01/2022,09:35:00,17536.6,17538.65,50,17540,50,0,829700
NIFTY-II.NFO,03/01/2022,09:35:01,17540,17538.7,50,17540,100,50,829700
NIFTY-II.NFO,03/01/2022,09:35:02,17540,17538.85,400,17540.9,50,100,829700
NIFTY-II.NFO,03/01/2022,09:35:03,17540.9,17541.35,50,17544.65,150,50,829700
NIFTY-II.NFO,03/01/2022,09:35:04,17540.9,17539.95,400,17543.9,150,0,829700
NIFTY-II.NFO,03/01/2022,09:35:05,17540.9,17540.65,400,17544.4,150,0,829700
NIFTY-II.NFO,03/01/2022,09:35:06,17540.9,17539.95,400,17544.5,150,0,829700
NIFTY-II.NFO,03/01/2022,09:35:07,17540.2,17539.95,400,17544.05,200,50,829700
NIFTY-II.NFO,03/01/2022,09:35:08,17540.2,17540.85,100,17544.95,200,0,829700
NIFTY-II.NFO,03/01/2022,09:35:09,17540.2,17541.7,400,17545,50,0,829700
NIFTY-II.NFO,03/01/2022,09:35:10,17540.2,17543.65,50,17545,50,0,829700
NIFTY-II.NFO,03/01/2022,09:35:11,17540.2,17540.8,50,17544.3,200,0,829700
NIFTY-II.NFO,03/01/2022,09:35:12,17540.2,17539.75,400,17543.35,200,0,829700
NIFTY-II.NFO,03/01/2022,09:35:13,17540.2,17542,50,17544.9,200,0,829700
NIFTY-II.NFO,03/01/2022,09:35:14,17540.2,17542.35,400,17545,50,0,829700
NIFTY-II.NFO,03/01/2022,09:35:15,17540.2,17542.7,400,17545,50,0,829700
NIFTY-II.NFO,03/01/2022,09:35:16,17540.2,17542,200,17544.7,50,0,829700
NIFTY-II.NFO,03/01/2022,09:35:17,17540.2,17541.45,50,17544.65,200,0,829700
NIFTY-II.NFO,03/01/2022,09:35:17,17540.2,17539.4,400,17543.35,350,0,829700
NIFTY-II.NFO,03/01/2022,09:35:18,17540.2,17539.05,400,17542.65,200,0,829700
NIFTY-II.NFO,03/01/2022,09:35:19,17540.2,17540.4,550,17544.75,200,0,829700
NIFTY-II.NFO,03/01/2022,09:35:20,17540.2,17540.4,550,17543.55,50,0,829700
NIFTY-II.NFO,03/01/2022,09:35:21,17540.2,17538.4,400,17542.95,200,0,829700
NIFTY-II.NFO,03/01/2022,09:35:22,17540.2,17538.75,400,17543.45,350,0,829700
NIFTY-II.NFO,03/01/2022,09:35:23,17540.2,17540.65,400,17544.2,200,0,829700
NIFTY-II.NFO,03/01/2022,09:35:24,17544.8,17540.6,50,17543.55,50,200,829850
NIFTY-II.NFO,03/01/2022,09:35:25,17544.8,17539.75,400,17544.1,50,0,829850
NIFTY-II.NFO,03/01/2022,09:35:26,17544.8,17540.4,500,17543.85,50,0,829850
NIFTY-II.NFO,03/01/2022,09:35:27,17544.8,17541.15,400,17544.55,50,0,829850
NIFTY-II.NFO,03/01/2022,09:35:28,17544.8,17541.55,500,17544.85,50,0,829850
NIFTY-II.NFO,03/01/2022,09:35:29,17544.8,17542.2,400,17545,50,0,829850
NIFTY-II.NFO,03/01/2022,09:35:30,17544.8,17541.55,400,17544.85,50,0,829850
NIFTY-II.NFO,03/01/2022,09:35:31,17544.8,17541.5,400,17545,50,0,829850
NIFTY-II.NFO,03/01/2022,09:35:32,17544.8,17542,400,17545,50,0,829850
NIFTY-II.NFO,03/01/2022,09:35:34,17544.8,17541.55,400,17545,50,0,829850
NIFTY-II.NFO,03/01/2022,09:35:36,17544.8,17541.6,400,17545,50,0,829850
NIFTY-II.NFO,03/01/2022,09:35:37,17543.55,17542.7,50,17544.95,150,50,829850
NIFTY-II.NFO,03/01/2022,09:35:38,17543.55,17542.1,50,17544.75,150,0,829850
NIFTY-II.NFO,03/01/2022,09:35:39,17543.55,17542.1,50,17544.5,50,0,829850
NIFTY-II.NFO,03/01/2022,09:35:40,17543.55,17541.05,450,17544.15,50,0,829850
NIFTY-II.NFO,03/01/2022,09:35:41,17543.55,17541.1,400,17544.35,50,0,829850
NIFTY-II.NFO,03/01/2022,09:35:42,17543.55,17541.25,400,17544.55,50,0,829850
NIFTY-II.NFO,03/01/2022,09:35:43,17543.55,17541.4,600,17543,100,0,829850
NIFTY-II.NFO,03/01/2022,09:35:44,17543.55,17541.05,50,17543,100,0,829850
NIFTY-II.NFO,03/01/2022,09:35:46,17543.55,17541.15,400,17543,100,0,829850
NIFTY-II.NFO,03/01/2022,09:35:47,17543.55,17541.2,150,17543,100,0,829850
NIFTY-II.NFO,03/01/2022,09:35:49,17543,17541.7,400,17543,50,50,829850
NIFTY-II.NFO,03/01/2022,09:35:50,17543,17541.9,150,17543,50,0,829850
NIFTY-II.NFO,03/01/2022,09:35:51,17543,17539.65,400,17542.75,50,0,829850
NIFTY-II.NFO,03/01/2022,09:35:52,17543,17539.85,400,17542.75,50,0,829850
NIFTY-II.NFO,03/01/2022,09:35:53,17543,17540.5,400,17543,50,0,829850
NIFTY-II.NFO,03/01/2022,09:35:54,17543,17541.5,50,17543,50,0,829850
NIFTY-II.NFO,03/01/2022,09:35:55,17543,17540.7,50,17543,100,0,829850
NIFTY-II.NFO,03/01/2022,09:35:56,17543,17539.1,400,17542,50,0,829850
NIFTY-II.NFO,03/01/2022,09:35:57,17543,17539.4,400,17542.1,50,0,829850
NIFTY-II.NFO,03/01/2022,09:35:58,17543,17539.65,400,17542.95,50,0,829850
NIFTY-II.NFO,03/01/2022,09:35:59,17543,17540.35,400,17543,100,0,829850
NIFTY-II.NFO,03/01/2022,09:36:00,17543,17540.15,400,17543,100,0,829850
NIFTY-II.NFO,03/01/2022,09:36:01,17543,17541.25,50,17543,100,0,829850
NIFTY-II.NFO,03/01/2022,09:36:03,17543,17540.75,400,17543,100,0,829850
NIFTY-II.NFO,03/01/2022,09:36:04,17543,17539.35,400,17542.9,50,0,829850
NIFTY-II.NFO,03/01/2022,09:36:05,17543,17539.3,150,17542.3,50,0,829850
NIFTY-II.NFO,03/01/2022,09:36:06,17543,17538.6,400,17542.55,50,0,829850
NIFTY-II.NFO,03/01/2022,09:36:07,17543,17538.7,400,17542.5,200,0,829850
NIFTY-II.NFO,03/01/2022,09:36:08,17543,17538.65,400,17542.4,50,0,829850
NIFTY-II.NFO,03/01/2022,09:36:09,17543,17538.65,550,17541.85,50,0,829850
NIFTY-II.NFO,03/01/2022,09:36:10,17543,17539.3,400,17542.3,50,0,829850
NIFTY-II.NFO,03/01/2022,09:36:11,17543,17538.65,550,17541.9,50,0,829850
NIFTY-II.NFO,03/01/2022,09:36:12,17543,17539.25,400,17542.25,50,0,829850
NIFTY-II.NFO,03/01/2022,09:36:13,17543,17540.2,150,17542.95,50,0,829850
NIFTY-II.NFO,03/01/2022,09:36:14,17543,17540.9,150,17543,200,0,829850
NIFTY-II.NFO,03/01/2022,09:36:15,17543,17540.8,150,17543,200,0,829850
NIFTY-II.NFO,03/01/2022,09:36:17,17543,17540.75,150,17543,200,0,829850
NIFTY-II.NFO,03/01/2022,09:36:18,17543,17540.4,50,17543,200,0,829850
NIFTY-II.NFO,03/01/2022,09:36:19,17543,17540.45,150,17543,200,0,829850
NIFTY-II.NFO,03/01/2022,09:36:20,17543,17540.6,150,17543,200,0,829850
NIFTY-II.NFO,03/01/2022,09:36:21,17543,17541.4,150,17543,200,0,829850
NIFTY-II.NFO,03/01/2022,09:36:22,17543,17541.95,50,17543,200,0,829850
NIFTY-II.NFO,03/01/2022,09:36:23,17543,17541.8,150,17543,200,0,829850
NIFTY-II.NFO,03/01/2022,09:36:24,17543,17541.4,50,17543,200,0,829850
NIFTY-II.NFO,03/01/2022,09:36:25,17543,17541.35,150,17543,200,0,829850
NIFTY-II.NFO,03/01/2022,09:36:26,17543,17540.8,450,17543,200,0,829850
NIFTY-II.NFO,03/01/2022,09:36:27,17542.2,17540.75,50,17542.15,50,50,829850
NIFTY-II.NFO,03/01/2022,09:36:28,17542.2,17539.8,150,17542.1,50,0,829850
NIFTY-II.NFO,03/01/2022,09:36:29,17542.2,17540.25,550,17542.15,50,0,829850
NIFTY-II.NFO,03/01/2022,09:36:30,17542.15,17540.5,400,17543,200,50,829850
NIFTY-II.NFO,03/01/2022,09:36:31,17542.15,17541.85,150,17543,200,0,829850
NIFTY-II.NFO,03/01/2022,09:36:32,17542.15,17541.85,50,17543,200,0,829850
NIFTY-II.NFO,03/01/2022,09:36:33,17542.15,17541.75,150,17543,200,0,829850
NIFTY-II.NFO,03/01/2022,09:36:34,17542.15,17541.65,150,17543,200,0,829850
NIFTY-II.NFO,03/01/2022,09:36:35,17542.15,17540.1,400,17542.95,50,0,829850
NIFTY-II.NFO,03/01/2022,09:36:36,17542.15,17540.5,50,17543,200,0,829850
NIFTY-II.NFO,03/01/2022,09:36:37,17542.15,17540.95,50,17543,200,0,829850
NIFTY-II.NFO,03/01/2022,09:36:38,17542.15,17541.8,50,17543,200,0,829850
NIFTY-II.NFO,03/01/2022,09:36:39,17542.15,17541.6,400,17543,200,0,829850
NIFTY-II.NFO,03/01/2022,09:36:40,17542.15,17541.75,100,17543,200,0,829850
NIFTY-II.NFO,03/01/2022,09:36:42,17543,17541.9,50,17543,150,50,829850
NIFTY-II.NFO,03/01/2022,09:36:43,17543,17542.2,100,17543,150,0,829850
NIFTY-II.NFO,03/01/2022,09:36:44,17543,17542.3,50,17543,150,0,829850
NIFTY-II.NFO,03/01/2022,09:36:45,17543,17542.2,50,17543,150,0,829850
NIFTY-II.NFO,03/01/2022,09:36:46,17543,17542.1,50,17543,150,0,829850
NIFTY-II.NFO,03/01/2022,09:36:47,17543,17542,50,17543,150,0,829850
NIFTY-II.NFO,03/01/2022,09:36:48,17543,17539.35,400,17542.05,50,0,829850
NIFTY-II.NFO,03/01/2022,09:36:49,17543,17540.8,400,17542.3,50,0,829850
NIFTY-II.NFO,03/01/2022,09:36:50,17543,17539.65,400,17542.25,50,0,829850
NIFTY-II.NFO,03/01/2022,09:36:51,17543,17539.45,400,17542,50,0,829850
NIFTY-II.NFO,03/01/2022,09:36:52,17543,17538,400,17541.4,50,0,829850
NIFTY-II.NFO,03/01/2022,09:36:53,17543,17538.9,400,17541.6,50,0,829850
NIFTY-II.NFO,03/01/2022,09:36:54,17543,17539.15,400,17542.15,50,0,829850
NIFTY-II.NFO,03/01/2022,09:36:55,17540,17539.65,450,17542.9,50,50,829850
NIFTY-II.NFO,03/01/2022,09:36:56,17540,17539.8,400,17542.9,100,0,829850
NIFTY-II.NFO,03/01/2022,09:36:57,17540,17539.65,400,17542.95,150,0,829850
NIFTY-II.NFO,03/01/2022,09:36:58,17540,17539.35,400,17542.55,50,0,829850
NIFTY-II.NFO,03/01/2022,09:36:59,17540,17539,400,17541.85,50,0,829850
NIFTY-II.NFO,03/01/2022,09:37:00,17540,17539.8,400,17542.85,50,0,829850
NIFTY-II.NFO,03/01/2022,09:37:01,17540,17539.55,400,17542.8,50,0,829850
NIFTY-II.NFO,03/01/2022,09:37:02,17540,17540.5,400,17543,150,0,829850
NIFTY-II.NFO,03/01/2022,09:37:03,17540,17539.1,400,17541.9,50,0,829850
NIFTY-II.NFO,03/01/2022,09:37:04,17540,17539.4,400,17542.4,50,0,829850
NIFTY-II.NFO,03/01/2022,09:37:05,17540,17538.95,400,17541.2,50,0,829850
NIFTY-II.NFO,03/01/2022,09:37:06,17540,17539.05,450,17541.95,50,0,829850
NIFTY-II.NFO,03/01/2022,09:37:07,17540,17539.85,400,17542,50,0,829850
NIFTY-II.NFO,03/01/2022,09:37:08,17540,17540.45,50,17542,200,0,829850
NIFTY-II.NFO,03/01/2022,09:37:09,17540,17540.9,150,17542,200,0,829850
NIFTY-II.NFO,03/01/2022,09:37:10,17542,17541.6,150,17543,100,200,829850
NIFTY-II.NFO,03/01/2022,09:37:11,17542,17541.55,150,17543,100,0,829850
NIFTY-II.NFO,03/01/2022,09:37:12,17542,17541.6,150,17543,100,0,829850
NIFTY-II.NFO,03/01/2022,09:37:13,17542,17541.4,150,17543,100,0,829850
NIFTY-II.NFO,03/01/2022,09:37:14,17542,17541.3,400,17543,100,0,829850
NIFTY-II.NFO,03/01/2022,09:37:15,17542,17539.65,400,17542.9,50,0,829850
NIFTY-II.NFO,03/01/2022,09:37:16,17542,17539.55,400,17542.3,50,0,829850
NIFTY-II.NFO,03/01/2022,09:37:17,17540.1,17540.35,400,17543,100,100,829850
NIFTY-II.NFO,03/01/2022,09:37:18,17540.3,17540.05,400,17542.8,50,100,829850
NIFTY-II.NFO,03/01/2022,09:37:19,17540.3,17539.8,400,17542.45,50,0,829850
NIFTY-II.NFO,03/01/2022,09:37:20,17540.3,17540.6,400,17543,100,0,829850
NIFTY-II.NFO,03/01/2022,09:37:21,17540.3,17541.1,400,17543,100,0,829850
NIFTY-II.NFO,03/01/2022,09:37:22,17540.3,17541.4,50,17543,100,0,829850
NIFTY-II.NFO,03/01/2022,09:37:23,17540.3,17541.35,50,17543,100,0,829850
NIFTY-II.NFO,03/01/2022,09:37:24,17540.3,17541.7,50,17543,100,0,829850
NIFTY-II.NFO,03/01/2022,09:37:25,17542.8,17541.95,400,17543,100,50,829850
NIFTY-II.NFO,03/01/2022,09:37:26,17542.8,17542.6,50,17543,100,0,829850
NIFTY-II.NFO,03/01/2022,09:37:27,17542.8,17542.75,50,17543,100,0,829850
NIFTY-II.NFO,03/01/2022,09:37:28,17543.25,17542.8,350,17545,50,300,829850
NIFTY-II.NFO,03/01/2022,09:37:29,17543.25,17542,350,17544.7,50,0,829850
NIFTY-II.NFO,03/01/2022,09:37:30,17542.6,17542.75,250,17545,50,100,829850
NIFTY-II.NFO,03/01/2022,09:37:31,17542.6,17542.35,300,17545,50,0,829850
NIFTY-II.NFO,03/01/2022,09:37:32,17542.6,17542.05,250,17544.45,50,0,829850
NIFTY-II.NFO,03/01/2022,09:37:33,17542.6,17542.6,250,17545,50,0,829850
NIFTY-II.NFO,03/01/2022,09:37:34,17542.6,17541.9,250,17544.75,50,0,829850
NIFTY-II.NFO,03/01/2022,09:37:35,17542.6,17541.35,250,17544.7,400,0,829850
NIFTY-II.NFO,03/01/2022,09:37:36,17542.6,17540.65,250,17543.2,50,0,829850
NIFTY-II.NFO,03/01/2022,09:37:37,17542.6,17540.55,250,17542.6,50,0,829850
NIFTY-II.NFO,03/01/2022,09:37:38,17542.6,17540.55,250,17544.05,400,0,829850
NIFTY-II.NFO,03/01/2022,09:37:39,17542.6,17542,250,17544.9,50,0,829850
NIFTY-II.NFO,03/01/2022,09:37:40,17542.6,17542.7,300,17545,100,0,829850
NIFTY-II.NFO,03/01/2022,09:37:41,17542.6,17542.8,50,17544.55,50,0,829850
NIFTY-II.NFO,03/01/2022,09:37:42,17544.95,17542.95,250,17545,100,50,829850
NIFTY-II.NFO,03/01/2022,09:37:43,17544.95,17543.35,300,17545,100,0,829850
NIFTY-II.NFO,03/01/2022,09:37:44,17544.95,17543.7,50,17545,100,0,829850
NIFTY-II.NFO,03/01/2022,09:37:45,17544.95,17543.9,50,17545,100,0,829850
NIFTY-II.NFO,03/01/2022,09:37:46,17544.95,17544.25,50,17545,100,0,829850
NIFTY-II.NFO,03/01/2022,09:37:47,17544.65,17544.05,250,17545,100,150,829850
NIFTY-II.NFO,03/01/2022,09:37:48,17544.65,17544.65,150,17545,100,0,829850
NIFTY-II.NFO,03/01/2022,09:37:49,17545,17544.65,150,17546.55,50,100,829850
NIFTY-II.NFO,03/01/2022,09:37:50,17545.15,17544.55,200,17546.8,50,150,829850
NIFTY-II.NFO,03/01/2022,09:37:51,17545.15,17544.55,200,17547.85,400,0,829850
NIFTY-II.NFO,03/01/2022,09:37:52,17546.4,17544.45,200,17547.5,50,50,829850
NIFTY-II.NFO,03/01/2022,09:37:53,17546.4,17544.7,200,17547.15,50,0,829850
NIFTY-II.NFO,03/01/2022,09:37:54,17546.4,17544.75,150,17547.65,400,0,829850
NIFTY-II.NFO,03/01/2022,09:37:55,17546.4,17544.8,200,17547.45,50,0,829850
NIFTY-II.NFO,03/01/2022,09:37:56,17546.4,17543.65,200,17546.4,50,0,829850
NIFTY-II.NFO,03/01/2022,09:37:57,17546.4,17544.05,200,17545.75,50,0,829850
NIFTY-II.NFO,03/01/2022,09:37:58,17546.4,17544,150,17545.5,50,0,829850
NIFTY-II.NFO,03/01/2022,09:37:59,17546.4,17544,150,17545.45,50,0,829850
NIFTY-II.NFO,03/01/2022,09:38:00,17544,17542.5,50,17545.15,50,50,829850
NIFTY-II.NFO,03/01/2022,09:38:01,17544,17542.85,200,17545.7,50,0,829850
NIFTY-II.NFO,03/01/2022,09:38:02,17544,17543.1,200,17546.1,150,0,829850
NIFTY-II.NFO,03/01/2022,09:38:03,17544,17544,200,17546.7,50,0,829850
NIFTY-II.NFO,03/01/2022,09:38:04,17544,17543.95,200,17546.8,50,0,829850
NIFTY-II.NFO,03/01/2022,09:38:05,17544,17544,150,17546.75,400,0,829850
NIFTY-II.NFO,03/01/2022,09:38:06,17544,17544.05,200,17546.8,50,0,829850
NIFTY-II.NFO,03/01/2022,09:38:07,17544,17544.3,200,17547.35,400,0,829850
