Ticker,Date,Time,LTP,BuyPrice,BuyQty,SellPrice,SellQty,LTQ,OpenInterest
NIFTY-I.NFO,03/01/2022,09:15:00,17443,17425.25,200,17430.85,200,1700,10274450
NIFTY-I.NFO,03/01/2022,09:15:00,17443,17425.25,200,17430.85,200,0,10274450
NIFTY-I.NFO,03/01/2022,09:15:00,17443,17425.25,200,17430.85,200,0,10274450
NIFTY-I.NFO,03/01/2022,09:15:00,17410.05,17425.25,200,17430.85,200,0,10274450
NIFTY-I.NFO,03/01/2022,09:15:00,17422.05,17419,50,17424.75,400,3300,10274450
NIFTY-I.NFO,03/01/2022,09:15:02,17427.85,17427.8,250,17429.9,350,3600,10274450
NIFTY-I.NFO,03/01/2022,09:15:03,17426.65,17426.95,200,17431.5,50,1650,10274450
NIFTY-I.NFO,03/01/2022,09:15:04,17434.45,17431.55,50,17434.45,300,5100,10274450
NIFTY-I.NFO,03/01/2022,09:15:05,17434.9,17434.9,400,17435,350,11000,10274450
NIFTY-I.NFO,03/01/2022,09:15:06,17447.15,17441,50,17443.85,200,8550,10274450
NIFTY-I.NFO,03/01/2022,09:15:06,17447.15,17441,50,17443.85,200,0,10274450
NIFTY-I.NFO,03/01/2022,09:15:07,17448,17448,250,17448.65,50,5500,10274450
NIFTY-I.NFO,03/01/2022,09:15:07,17448,17448,250,17448.65,50,0,10274450
NIFTY-I.NFO,03/01/2022,09:15:07,17443.95,17444,200,17447.25,50,850,10274450
NIFTY-I.NFO,03/01/2022,09:15:07,17448.95,17444,200,17447.25,50,0,10274450
NIFTY-I.NFO,03/01/2022,09:15:09,17446.9,17444.95,250,17446.95,50,4400,10274450
NIFTY-I.NFO,03/01/2022,09:15:10,17445.5,17441.9,200,17445.5,50,2450,10274450
NIFTY-I.NFO,03/01/2022,09:15:10,17449,17441.9,200,17445.5,50,0,10274450
NIFTY-I.NFO,03/01/2022,09:15:11,17441.3,17441.35,550,17444,250,2300,10274450
NIFTY-I.NFO,03/01/2022,09:15:12,17446.3,17446.3,350,17448.2,500,6250,10274450
NIFTY-I.NFO,03/01/2022,09:15:12,17451.75,17446.3,350,17448.2,500,0,10274450
NIFTY-I.NFO,03/01/2022,09:15:13,17457,17452.45,200,17458,100,6850,10274450
NIFTY-I.NFO,03/01/2022,09:15:13,17457,17452.45,200,17458,100,0,10274450
NIFTY-I.NFO,03/01/2022,09:15:14,17457.95,17454.9,100,17457.95,100,1350,10274450
NIFTY-I.NFO,03/01/2022,09:15:14,17458.75,17454.9,100,17457.95,100,0,10274450
NIFTY-I.NFO,03/01/2022,09:15:15,17462.15,17458.5,50,17462.2,50,3150,10274450
NIFTY-I.NFO,03/01/2022,09:15:15,17462.15,17458.5,50,17462.2,50,0,10274450
NIFTY-I.NFO,03/01/2022,09:15:16,17459.7,17459.7,200,17463.95,100,4300,10274450
NIFTY-I.NFO,03/01/2022,09:15:16,17462.2,17459.7,200,17463.95,100,0,10274450
NIFTY-I.NFO,03/01/2022,09:15:17,17461.4,17461.35,100,17464.05,400,2550,10274450
NIFTY-I.NFO,03/01/2022,09:15:17,17464.8,17461.35,100,17464.05,400,0,10274450
NIFTY-I.NFO,03/01/2022,09:15:18,17463,17462,200,17464.75,50,2150,10274450
NIFTY-I.NFO,03/01/2022,09:15:19,17460.95,17460.95,200,17464.7,350,50,10274450
NIFTY-I.NFO,03/01/2022,09:15:20,17464.7,17461.25,200,17465,100,2950,10274450
NIFTY-I.NFO,03/01/2022,09:15:21,17466.95,17465.05,100,17467,50,3850,10274450
NIFTY-I.NFO,03/01/2022,09:15:21,17468.4,17465.05,100,17467,50,0,10274450
NIFTY-I.NFO,03/01/2022,09:15:22,17462.75,17462.7,50,17465.5,50,3750,10274450
NIFTY-I.NFO,03/01/2022,09:15:23,17466.25,17466.2,50,17469.6,200,3250,10274450
NIFTY-I.NFO,03/01/2022,09:15:23,17469.6,17466.2,50,17469.6,200,0,10274450
NIFTY-I.NFO,03/01/2022,09:15:24,17463,17462.35,50,17464.8,50,2700,10274450
NIFTY-I.NFO,03/01/2022,09:15:25,17464.8,17463.1,50,17464.8,50,50,10274450
NIFTY-I.NFO,03/01/2022,09:15:26,17465.05,17462.35,50,17464.75,350,1850,10274450
NIFTY-I.NFO,03/01/2022,09:15:27,17462.35,17460,400,17462.35,1200,1350,10274450
NIFTY-I.NFO,03/01/2022,09:15:28,17459.6,17458.05,150,17459.5,50,3450,10274450
NIFTY-I.NFO,03/01/2022,09:15:29,17456.3,17455.9,50,17458,200,1950,10274450
NIFTY-I.NFO,03/01/2022,09:15:30,17454.9,17454.85,300,17456.3,150,1300,10274450
NIFTY-I.NFO,03/01/2022,09:15:31,17454.2,17454.05,50,17455.05,150,500,10274450
NIFTY-I.NFO,03/01/2022,09:15:32,17454.1,17451.05,200,17454.1,50,3400,10274450
NIFTY-I.NFO,03/01/2022,09:15:33,17454.45,17452.2,150,17455,50,2400,10274450
NIFTY-I.NFO,03/01/2022,09:15:34,17454.5,17451.9,50,17454.65,200,2850,10274450
NIFTY-I.NFO,03/01/2022,09:15:35,17456.5,17453.95,50,17456.5,350,1300,10274450
NIFTY-I.NFO,03/01/2022,09:15:36,17457.5,17454.55,200,17457.5,250,2400,10274450
NIFTY-I.NFO,03/01/2022,09:15:37,17457.5,17454.6,150,17457.5,100,300,10274450
NIFTY-I.NFO,03/01/2022,09:15:38,17455.95,17455.95,50,17457,150,2050,10274450
NIFTY-I.NFO,03/01/2022,09:15:39,17458.05,17457.55,100,17458.35,50,1350,10274450
NIFTY-I.NFO,03/01/2022,09:15:40,17457.95,17455.25,100,17457.95,200,1550,10274450
NIFTY-I.NFO,03/01/2022,09:15:41,17456,17454.1,100,17456,300,3100,10274450
NIFTY-I.NFO,03/01/2022,09:15:42,17458,17457.95,50,17458,1850,2550,10274450
NIFTY-I.NFO,03/01/2022,09:15:43,17458.95,17455.85,400,17459.55,150,2400,10274450
NIFTY-I.NFO,03/01/2022,09:15:44,17455.6,17455.2,50,17458.95,200,1700,10274450
NIFTY-I.NFO,03/01/2022,09:15:45,17458.5,17458.5,50,17459,50,1650,10274450
NIFTY-I.NFO,03/01/2022,09:15:46,17459.55,17459.05,50,17459.6,500,1150,10274450
NIFTY-I.NFO,03/01/2022,09:15:47,17459.6,17458.4,100,17459.6,150,550,10274450
NIFTY-I.NFO,03/01/2022,09:15:48,17459.5,17459,100,17459.8,50,1100,10274450
NIFTY-I.NFO,03/01/2022,09:15:49,17459.05,17459.8,100,17460,700,250,10274450
NIFTY-I.NFO,03/01/2022,09:15:50,17459.55,17458.1,50,17459.95,50,1450,10274450
NIFTY-I.NFO,03/01/2022,09:15:51,17460.8,17458.9,50,17461,50,1300,10274450
NIFTY-I.NFO,03/01/2022,09:15:52,17460,17457.95,50,17460,100,1650,10274450
NIFTY-I.NFO,03/01/2022,09:15:53,17459.75,17459.75,50,17459.95,50,1000,10274450
NIFTY-I.NFO,03/01/2022,09:15:54,17459.95,17458.05,150,17460,50,100,10274450
NIFTY-I.NFO,03/01/2022,09:15:55,17459.75,17462.35,150,17462.5,200,2450,10274450
NIFTY-I.NFO,03/01/2022,09:15:56,17460,17459.6,250,17460,400,1050,10274450
NIFTY-I.NFO,03/01/2022,09:15:57,17460,17460,50,17461,50,1200,10274450
NIFTY-I.NFO,03/01/2022,09:15:58,17459.8,17459.75,50,17461.95,200,1300,10274450
NIFTY-I.NFO,03/01/2022,09:15:59,17461.5,17459.75,50,17461,50,50,10274450
NIFTY-I.NFO,03/01/2022,09:16:00,17458.2,17458.15,50,17460,100,1550,10274450
NIFTY-I.NFO,03/01/2022,09:16:01,17462.5,17462.5,50,17463.1,50,1350,10274450
NIFTY-I.NFO,03/01/2022,09:16:02,17460.55,17460.55,50,17462.5,150,1650,10274450
NIFTY-I.NFO,03/01/2022,09:16:03,17460,17459.9,200,17463.45,400,600,10274450
NIFTY-I.NFO,03/01/2022,09:16:04,17461.65,17461.7,100,17462.5,50,150,10274450
NIFTY-I.NFO,03/01/2022,09:16:05,17464.4,17463.4,150,17464.4,150,3400,10274450
NIFTY-I.NFO,03/01/2022,09:16:06,17463.4,17462.3,50,17464.45,50,150,10274450
NIFTY-I.NFO,03/01/2022,09:16:07,17464.45,17464.45,900,17464.7,50,1750,10274450
NIFTY-I.NFO,03/01/2022,09:16:08,17465.45,17462.75,150,17465.3,50,2750,10274450
NIFTY-I.NFO,03/01/2022,09:16:09,17465.95,17463.55,100,17465.7,50,1050,10274450
NIFTY-I.NFO,03/01/2022,09:16:10,17465.3,17465.3,800,17466.15,100,800,10274450
NIFTY-I.NFO,03/01/2022,09:16:11,17466,17464.55,50,17466.55,50,2750,10274450
NIFTY-I.NFO,03/01/2022,09:16:12,17466.7,17464.6,50,17466.4,50,1100,10274450
NIFTY-I.NFO,03/01/2022,09:16:13,17467.05,17464.25,200,17467.1,100,1950,10274450
NIFTY-I.NFO,03/01/2022,09:16:14,17465.2,17464.6,50,17467.05,150,950,10274450
NIFTY-I.NFO,03/01/2022,09:16:15,17467.9,17466.95,100,17467.55,50,500,10274450
NIFTY-I.NFO,03/01/2022,09:16:16,17467,17466.3,100,17468.4,100,900,10274450
NIFTY-I.NFO,03/01/2022,09:16:17,17467,17467.05,50,17469,100,3300,10274450
NIFTY-I.NFO,03/01/2022,09:16:18,17467,17467,300,17469.65,100,1400,10274450
NIFTY-I.NFO,03/01/2022,09:16:19,17470,17467.5,400,17470,550,2600,10274450
NIFTY-I.NFO,03/01/2022,09:16:19,17470,17467.5,400,17470,550,0,10274450
NIFTY-I.NFO,03/01/2022,09:16:20,17469,17466.95,200,17469.85,50,4700,10274450
NIFTY-I.NFO,03/01/2022,09:16:20,17470.45,17466.95,200,17469.85,50,0,10274450
NIFTY-I.NFO,03/01/2022,09:16:21,17470,17468.05,200,17470,50,750,10274450
NIFTY-I.NFO,03/01/2022,09:16:22,17471.85,17469.4,50,17471.9,100,3200,10274450
NIFTY-I.NFO,03/01/2022,09:16:22,17471.95,17469.4,50,17471.9,100,0,10274450
NIFTY-I.NFO,03/01/2022,09:16:23,17472,17470,200,17472,350,700,10274450
NIFTY-I.NFO,03/01/2022,09:16:23,17472,17470,200,17472,350,0,10274450
NIFTY-I.NFO,03/01/2022,09:16:24,17470.1,17470,200,17472,50,350,10274450
NIFTY-I.NFO,03/01/2022,09:16:25,17470.85,17470.9,150,17473.5,1450,1100,10274450
NIFTY-I.NFO,03/01/2022,09:16:25,17473.5,17470.9,150,17473.5,1450,0,10274450
NIFTY-I.NFO,03/01/2022,09:16:26,17472.6,17470.65,50,17473.7,100,5750,10274450
NIFTY-I.NFO,03/01/2022,09:16:26,17474,17470.65,50,17473.7,100,0,10274450
NIFTY-I.NFO,03/01/2022,09:16:27,17474.2,17473.5,150,17474.2,150,700,10274450
NIFTY-I.NFO,03/01/2022,09:16:27,17474.2,17473.5,150,17474.2,150,0,10274450
NIFTY-I.NFO,03/01/2022,09:16:28,17474.3,17472.35,50,17474.15,50,500,10274450
NIFTY-I.NFO,03/01/2022,09:16:28,17474.3,17472.35,50,17474.15,50,0,10274450
NIFTY-I.NFO,03/01/2022,09:16:29,17472.5,17472.65,100,17475,4350,1400,10274450
NIFTY-I.NFO,03/01/2022,09:16:29,17475,17472.65,100,17475,4350,0,10274450
NIFTY-I.NFO,03/01/2022,09:16:30,17474.6,17473.5,50,17474.2,50,1150,10274450
NIFTY-I.NFO,03/01/2022,09:16:31,17474.2,17473.55,50,17474.6,150,100,10274450
NIFTY-I.NFO,03/01/2022,09:16:32,17474.55,17474.45,50,17475,4100,1500,10274450
NIFTY-I.NFO,03/01/2022,09:16:33,17473.55,17474.75,50,17474.9,50,2850,10274450
NIFTY-I.NFO,03/01/2022,09:16:34,17474.25,17474.2,50,17475,3850,1000,10274450
NIFTY-I.NFO,03/01/2022,09:16:35,17474.45,17474.5,150,17475,1500,2700,10274450
NIFTY-I.NFO,03/01/2022,09:16:36,17476.8,17476.8,1400,17477,500,2800,10274450
NIFTY-I.NFO,03/01/2022,09:16:36,17477,17476.8,1400,17477,500,0,10274450
NIFTY-I.NFO,03/01/2022,09:16:37,17477.25,17475.4,250,17477.4,50,3900,10274450
NIFTY-I.NFO,03/01/2022,09:16:37,17477.25,17475.4,250,17477.4,50,0,10274450
NIFTY-I.NFO,03/01/2022,09:16:38,17475.2,17475.3,100,17477.55,50,400,10274450
NIFTY-I.NFO,03/01/2022,09:16:39,17476.05,17476.05,150,17478.3,50,1950,10274450
NIFTY-I.NFO,03/01/2022,09:16:39,17478.15,17476.05,150,17478.3,50,0,10274450
NIFTY-I.NFO,03/01/2022,09:16:40,17478.85,17476.3,50,17478.85,50,750,10274450
NIFTY-I.NFO,03/01/2022,09:16:40,17478.85,17476.3,50,17478.85,50,0,10274450
NIFTY-I.NFO,03/01/2022,09:16:41,17480,17477.65,50,17480,1400,2500,10274450
NIFTY-I.NFO,03/01/2022,09:16:41,17480,17477.65,50,17480,1400,0,10274450
NIFTY-I.NFO,03/01/2022,09:16:42,17477.25,17476.9,300,17479,1100,2800,10274450
NIFTY-I.NFO,03/01/2022,09:16:43,17480,17478,50,17480,1300,1200,10274450
NIFTY-I.NFO,03/01/2022,09:16:44,17482.5,17481.3,50,17482.5,150,2200,10274450
NIFTY-I.NFO,03/01/2022,09:16:44,17482.5,17481.3,50,17482.5,150,0,10274450
NIFTY-I.NFO,03/01/2022,09:16:45,17481.3,17479.85,50,17482,50,1500,10274450
NIFTY-I.NFO,03/01/2022,09:16:45,17482.85,17479.85,50,17482,50,0,10274450
NIFTY-I.NFO,03/01/2022,09:16:46,17479.15,17478.95,50,17479.65,50,850,10274450
NIFTY-I.NFO,03/01/2022,09:16:46,17482.9,17478.95,50,17479.65,50,0,10274450
NIFTY-I.NFO,03/01/2022,09:16:47,17483.55,17479.4,250,17482.65,300,4950,10274450
NIFTY-I.NFO,03/01/2022,09:16:47,17483.55,17479.4,250,17482.65,300,0,10274450
NIFTY-I.NFO,03/01/2022,09:16:48,17479.4,17479.4,200,17482.6,300,50,10274450
NIFTY-I.NFO,03/01/2022,09:16:49,17482.5,17482.5,1450,17482.6,150,1300,10274450
NIFTY-I.NFO,03/01/2022,09:16:50,17479.9,17480.35,50,17482,200,2750,10274450
NIFTY-I.NFO,03/01/2022,09:16:51,17479.15,17479.15,50,17481,450,1700,10274450
NIFTY-I.NFO,03/01/2022,09:16:52,17479.8,17479.85,50,17481.75,50,3650,10274450
NIFTY-I.NFO,03/01/2022,09:16:53,17481.7,17480.4,150,17481.85,300,150,10274450
NIFTY-I.NFO,03/01/2022,09:16:54,17481,17481,250,17482,50,2150,10274450
NIFTY-I.NFO,03/01/2022,09:16:55,17479.5,17479.45,50,17482,50,2200,10274450
NIFTY-I.NFO,03/01/2022,09:16:56,17478.25,17478.55,150,17480,50,3550,10274450
NIFTY-I.NFO,03/01/2022,09:16:57,17479.3,17479.1,50,17481,200,350,10274450
NIFTY-I.NFO,03/01/2022,09:16:58,17480,17478.15,50,17480.4,50,2250,10274450
NIFTY-I.NFO,03/01/2022,09:16:59,17477.55,17478.05,50,17480.95,200,550,10274450
NIFTY-I.NFO,03/01/2022,09:17:00,17479,17477.6,50,17479.75,1800,1550,10274450
NIFTY-I.NFO,03/01/2022,09:17:01,17478,17478,1100,17479,950,650,10274450
NIFTY-I.NFO,03/01/2022,09:17:02,17478.05,17477.6,50,17479.7,300,3900,10274450
NIFTY-I.NFO,03/01/2022,09:17:03,17477.8,17479,1500,17479.4,200,900,10274450
NIFTY-I.NFO,03/01/2022,09:17:04,17477.05,17477.1,50,17479.7,200,4300,10274450
NIFTY-I.NFO,03/01/2022,09:17:05,17477.1,17477,50,17478.05,50,50,10274450
NIFTY-I.NFO,03/01/2022,09:17:06,17476.4,17476.4,100,17478.05,50,400,10274450
NIFTY-I.NFO,03/01/2022,09:17:07,17478,17477.1,50,17478,250,850,10274450
NIFTY-I.NFO,03/01/2022,09:17:08,17478,17477.9,100,17478.05,200,1350,10274450
NIFTY-I.NFO,03/01/2022,09:17:09,17479.3,17479.3,100,17480,750,6150,10274450
NIFTY-I.NFO,03/01/2022,09:17:10,17481,17480.45,50,17481.15,50,1300,10274450
NIFTY-I.NFO,03/01/2022,09:17:11,17480.75,17480.9,50,17482,200,400,10274450
NIFTY-I.NFO,03/01/2022,09:17:12,17480.85,17480.6,150,17482,200,50,10274450
NIFTY-I.NFO,03/01/2022,09:17:13,17480.3,17481.35,50,17482.9,150,3300,10274450
NIFTY-I.NFO,03/01/2022,09:17:14,17483.95,17482.55,200,17484,200,1900,10274450
NIFTY-I.NFO,03/01/2022,09:17:14,17483.95,17482.55,200,17484,200,0,10274450
NIFTY-I.NFO,03/01/2022,09:17:15,17485,17484.5,100,17485,150,1350,10319300
NIFTY-I.NFO,03/01/2022,09:17:15,17485,17484.5,100,17485,150,0,10319300
NIFTY-I.NFO,03/01/2022,09:17:16,17485.3,17485.3,50,17486,150,800,10319300
NIFTY-I.NFO,03/01/2022,09:17:16,17485.5,17485.3,50,17486,150,0,10319300
NIFTY-I.NFO,03/01/2022,09:17:17,17485,17485,1600,17486,100,550,10319300
NIFTY-I.NFO,03/01/2022,09:17:17,17486,17485,1600,17486,100,0,10319300
NIFTY-I.NFO,03/01/2022,09:17:18,17486,17486.75,100,17487,200,1950,10319300
NIFTY-I.NFO,03/01/2022,09:17:19,17486.75,17487,50,17487.7,400,550,10319300
NIFTY-I.NFO,03/01/2022,09:17:19,17487.7,17487,50,17487.7,400,0,10319300
NIFTY-I.NFO,03/01/2022,09:17:20,17487.75,17486.25,50,17487.75,200,2850,10319300
NIFTY-I.NFO,03/01/2022,09:17:20,17487.75,17486.25,50,17487.75,200,0,10319300
NIFTY-I.NFO,03/01/2022,09:17:21,17487.75,17486.25,50,17487.75,150,50,10319300
NIFTY-I.NFO,03/01/2022,09:17:24,17485,17485,1250,17488,100,5200,10319300
NIFTY-I.NFO,03/01/2022,09:17:24,17488,17485,1250,17488,100,0,10319300
NIFTY-I.NFO,03/01/2022,09:17:25,17487.25,17487,1500,17487.75,50,250,10319300
NIFTY-I.NFO,03/01/2022,09:17:26,17488.7,17488.7,50,17489,200,1900,10319300
NIFTY-I.NFO,03/01/2022,09:17:26,17489,17488.7,50,17489,200,0,10319300
NIFTY-I.NFO,03/01/2022,09:17:27,17489,17488.7,100,17490,2500,1350,10319300
NIFTY-I.NFO,03/01/2022,09:17:27,17490,17488.7,100,17490,2500,0,10319300
NIFTY-I.NFO,03/01/2022,09:17:28,17488.9,17488.75,100,17490,1900,1700,10319300
NIFTY-I.NFO,03/01/2022,09:17:29,17489.3,17489.85,100,17490,1700,300,10319300
NIFTY-I.NFO,03/01/2022,09:17:30,17490,17489.6,100,17490,1550,150,10319300
NIFTY-I.NFO,03/01/2022,09:17:31,17492,17490,50,17492,150,3600,10319300
NIFTY-I.NFO,03/01/2022,09:17:31,17492,17490,50,17492,150,0,10319300
NIFTY-I.NFO,03/01/2022,09:17:32,17489,17488.7,50,17489.9,50,1950,10319300
NIFTY-I.NFO,03/01/2022,09:17:33,17487.75,17487.25,50,17489.5,50,800,10319300
NIFTY-I.NFO,03/01/2022,09:17:34,17486.35,17486.1,250,17487.35,50,7800,10319300
NIFTY-I.NFO,03/01/2022,09:17:36,17486.35,17486.5,100,17488.6,50,350,10319300
NIFTY-I.NFO,03/01/2022,09:17:36,17486.35,17485.5,250,17488.2,50,0,10319300
NIFTY-I.NFO,03/01/2022,09:17:37,17487.05,17485.2,50,17486.65,50,250,10319300
NIFTY-I.NFO,03/01/2022,09:17:38,17485.65,17483.45,100,17485.75,50,2500,10319300
NIFTY-I.NFO,03/01/2022,09:17:39,17485.2,17485.2,200,17486.1,50,450,10319300
NIFTY-I.NFO,03/01/2022,09:17:41,17485.05,17482.8,50,17484.9,50,3900,10319300
NIFTY-I.NFO,03/01/2022,09:17:41,17484.8,17482.8,50,17484.8,250,200,10319300
NIFTY-I.NFO,03/01/2022,09:17:42,17481,17481,1350,17482.75,50,450,10319300
NIFTY-I.NFO,03/01/2022,09:17:43,17482.3,17481,50,17482.3,50,2900,10319300
NIFTY-I.NFO,03/01/2022,09:17:44,17479.3,17479.05,50,17480.5,50,1000,10319300
NIFTY-I.NFO,03/01/2022,09:17:46,17479.45,17478.15,150,17480.9,50,2600,10319300
NIFTY-I.NFO,03/01/2022,09:17:46,17479.45,17478.15,150,17480.9,50,0,10319300
NIFTY-I.NFO,03/01/2022,09:17:47,17482.8,17482.1,300,17484,100,1050,10319300
NIFTY-I.NFO,03/01/2022,09:17:48,17485.75,17483.25,50,17485.9,100,3900,10319300
NIFTY-I.NFO,03/01/2022,09:17:49,17483.5,17483.45,50,17486,150,950,10319300
NIFTY-I.NFO,03/01/2022,09:17:51,17485.95,17485.95,100,17487.9,50,3750,10319300
NIFTY-I.NFO,03/01/2022,09:17:51,17485.95,17486,50,17487.9,50,0,10319300
NIFTY-I.NFO,03/01/2022,09:17:52,17486.25,17485.5,100,17488.45,200,1850,10319300
NIFTY-I.NFO,03/01/2022,09:17:53,17488.05,17488.1,100,17488.95,800,600,10319300
NIFTY-I.NFO,03/01/2022,09:17:54,17488.1,17488,50,17488.95,700,3000,10319300
NIFTY-I.NFO,03/01/2022,09:17:56,17489,17488.25,50,17489,2050,3350,10319300
NIFTY-I.NFO,03/01/2022,09:17:56,17489,17488.25,50,17489,2050,0,10319300
NIFTY-I.NFO,03/01/2022,09:17:57,17488,17488.35,100,17489.7,50,4350,10319300
NIFTY-I.NFO,03/01/2022,09:17:58,17487.5,17486.6,100,17488.1,50,800,10319300
NIFTY-I.NFO,03/01/2022,09:17:59,17487.85,17486.4,100,17487.95,100,350,10319300
NIFTY-I.NFO,03/01/2022,09:18:00,17488.95,17488.25,200,17488.95,500,1050,10319300
NIFTY-I.NFO,03/01/2022,09:18:02,17488.75,17488.8,150,17490,900,1600,10319300
NIFTY-I.NFO,03/01/2022,09:18:02,17488.25,17488.5,350,17490,900,1000,10319300
NIFTY-I.NFO,03/01/2022,09:18:03,17488.6,17489,150,17490,100,1950,10319300
NIFTY-I.NFO,03/01/2022,09:18:04,17486.85,17486.7,100,17489.7,200,1650,10319300
NIFTY-I.NFO,03/01/2022,09:18:05,17487.4,17486.95,50,17487.4,150,2550,10319300
NIFTY-I.NFO,03/01/2022,09:18:07,17488.05,17487.75,150,17489,50,600,10319300
NIFTY-I.NFO,03/01/2022,09:18:07,17490,17488.55,50,17490,250,200,10319300
NIFTY-I.NFO,03/01/2022,09:18:08,17489.35,17489.2,350,17489.95,100,1250,10319300
NIFTY-I.NFO,03/01/2022,09:18:09,17488.4,17488.75,100,17490.9,50,1200,10319300
NIFTY-I.NFO,03/01/2022,09:18:10,17491.2,17491.15,50,17492,800,1700,10319300
NIFTY-I.NFO,03/01/2022,09:18:12,17491,17491,100,17492,700,550,10319300
NIFTY-I.NFO,03/01/2022,09:18:12,17490.55,17490.6,50,17492,700,300,10319300
NIFTY-I.NFO,03/01/2022,09:18:13,17492,17490,2050,17492,650,600,10319300
NIFTY-I.NFO,03/01/2022,09:18:14,17492,17490.8,300,17492,300,550,10319300
NIFTY-I.NFO,03/01/2022,09:18:15,17493.6,17493.6,100,17493.9,100,2150,10319300
NIFTY-I.NFO,03/01/2022,09:18:15,17494,17493.6,100,17493.9,100,0,10319300
NIFTY-I.NFO,03/01/2022,09:18:16,17493.7,17492.95,100,17493.8,150,300,10319300
NIFTY-I.NFO,03/01/2022,09:18:17,17490,17490,1900,17491.25,50,1100,10319300
NIFTY-I.NFO,03/01/2022,09:18:18,17492,17492,50,17492.7,50,350,10319300
NIFTY-I.NFO,03/01/2022,09:18:19,17493.7,17492.05,100,17493.4,50,1500,10319300
NIFTY-I.NFO,03/01/2022,09:18:20,17490.65,17490.6,100,17491.95,50,300,10319300
NIFTY-I.NFO,03/01/2022,09:18:21,17491.2,17489.9,250,17491.3,50,2500,10319300
NIFTY-I.NFO,03/01/2022,09:18:22,17490,17489.75,250,17490.6,150,400,10319300
NIFTY-I.NFO,03/01/2022,09:18:23,17490.55,17490,200,17490.6,150,100,10319300
NIFTY-I.NFO,03/01/2022,09:18:24,17492,17491.65,250,17492,250,650,10319300
NIFTY-I.NFO,03/01/2022,09:18:25,17491.65,17491.7,200,17492.95,600,600,10319300
NIFTY-I.NFO,03/01/2022,09:18:26,17492.95,17491.55,50,17492.95,350,950,10319300
NIFTY-I.NFO,03/01/2022,09:18:27,17491.5,17491.5,50,17492,50,200,10319300
NIFTY-I.NFO,03/01/2022,09:18:28,17492,17491.2,750,17491.55,50,150,10319300
NIFTY-I.NFO,03/01/2022,09:18:29,17491.5,17491.15,200,17491.5,100,450,10319300
NIFTY-I.NFO,03/01/2022,09:18:30,17491.55,17491.45,50,17492.95,200,600,10319300
NIFTY-I.NFO,03/01/2022,09:18:31,17491.5,17491.65,150,17492.95,150,700,10319300
NIFTY-I.NFO,03/01/2022,09:18:32,17492.95,17491.4,50,17492.95,100,500,10319300
NIFTY-I.NFO,03/01/2022,09:18:33,17491.5,17491.3,100,17492,100,300,10319300
NIFTY-I.NFO,03/01/2022,09:18:34,17491.15,17491.25,250,17491.65,50,50,10319300
NIFTY-I.NFO,03/01/2022,09:18:35,17491.9,17492.45,50,17492.95,100,300,10319300
NIFTY-I.NFO,03/01/2022,09:18:36,17493,17492,150,17493,350,300,10319300
NIFTY-I.NFO,03/01/2022,09:18:37,17491.65,17491.65,1600,17491.95,50,1000,10319300
NIFTY-I.NFO,03/01/2022,09:18:38,17491.7,17491.65,1350,17491.7,1300,450,10319300
NIFTY-I.NFO,03/01/2022,09:18:39,17491.65,17491.65,1250,17491.7,900,500,10319300
NIFTY-I.NFO,03/01/2022,09:18:40,17491.65,17491.65,1150,17491.7,900,100,10319300
NIFTY-I.NFO,03/01/2022,09:18:41,17491.65,17491.65,1050,17492.9,50,1550,10319300
NIFTY-I.NFO,03/01/2022,09:18:42,17491.65,17491.75,100,17492.7,1500,850,10319300
NIFTY-I.NFO,03/01/2022,09:18:43,17491.7,17491.7,950,17492.7,1500,150,10319300
NIFTY-I.NFO,03/01/2022,09:18:44,17491.7,17491.8,300,17492.7,1400,450,10319300
NIFTY-I.NFO,03/01/2022,09:18:45,17492.7,17492.15,100,17492.7,1250,200,10319300
NIFTY-I.NFO,03/01/2022,09:18:46,17492.7,17492.55,50,17492.7,650,1150,10319300
NIFTY-I.NFO,03/01/2022,09:18:47,17493.55,17493.55,500,17493.7,1450,1850,10319300
NIFTY-I.NFO,03/01/2022,09:18:48,17493.7,17493.55,100,17493.7,700,1150,10319300
NIFTY-I.NFO,03/01/2022,09:18:49,17493.2,17493.25,50,17493.55,50,300,10319300
NIFTY-I.NFO,03/01/2022,09:18:50,17494.95,17493.8,50,17495,1950,1800,10319300
NIFTY-I.NFO,03/01/2022,09:18:50,17495,17493.8,50,17495,1950,0,10319300
NIFTY-I.NFO,03/01/2022,09:18:51,17494.4,17494.35,50,17495,1550,650,10319300
NIFTY-I.NFO,03/01/2022,09:18:52,17495,17494.35,50,17495.5,50,2200,10319300
NIFTY-I.NFO,03/01/2022,09:18:52,17495.25,17494.35,50,17495.5,50,0,10319300
NIFTY-I.NFO,03/01/2022,09:18:53,17495.5,17495.85,100,17496,850,1550,10319300
NIFTY-I.NFO,03/01/2022,09:18:53,17495.5,17495.85,100,17496,850,0,10319300
NIFTY-I.NFO,03/01/2022,09:18:54,17496.7,17495.85,150,17496.7,300,1450,10319300
NIFTY-I.NFO,03/01/2022,09:18:54,17496.7,17495.85,150,17496.7,300,0,10319300
NIFTY-I.NFO,03/01/2022,09:18:55,17497,17496.85,100,17497.7,400,1000,10319300
NIFTY-I.NFO,03/01/2022,09:18:55,17497,17496.85,100,17497.7,400,0,10319300
NIFTY-I.NFO,03/01/2022,09:18:56,17496.9,17497.2,100,17497.7,350,1150,10319300
NIFTY-I.NFO,03/01/2022,09:18:56,17497.7,17497.2,100,17497.7,350,0,10319300
NIFTY-I.NFO,03/01/2022,09:18:57,17498,17497.5,50,17498,950,1950,10319300
NIFTY-I.NFO,03/01/2022,09:18:57,17498,17497.5,50,17498,950,0,10319300
NIFTY-I.NFO,03/01/2022,09:18:58,17496.25,17496.5,50,17497.5,50,15500,10319300
NIFTY-I.NFO,03/01/2022,09:18:59,17498,17497.9,150,17498,300,1000,10319300
NIFTY-I.NFO,03/01/2022,09:19:00,17498.75,17498.35,50,17498.75,50,1500,10319300
NIFTY-I.NFO,03/01/2022,09:19:00,17498.75,17498.35,50,17498.75,50,0,10319300
NIFTY-I.NFO,03/01/2022,09:19:01,17498.35,17498.7,50,17500,1800,7400,10319300
NIFTY-I.NFO,03/01/2022,09:19:01,17500,17498.7,50,17500,1800,0,10319300
NIFTY-I.NFO,03/01/2022,09:19:02,17498.2,17498.3,100,17499.9,50,650,10319300
NIFTY-I.NFO,03/01/2022,09:19:03,17498,17498,50,17499,50,1100,10319300
NIFTY-I.NFO,03/01/2022,09:19:04,17499.95,17498,50,17499.95,200,1000,10319300
NIFTY-I.NFO,03/01/2022,09:19:05,17498.2,17498,200,17500,1400,550,10319300
NIFTY-I.NFO,03/01/2022,09:19:06,17500,17499.05,450,17500,1350,550,10319300
NIFTY-I.NFO,03/01/2022,09:19:07,17500,17499.05,250,17500,1350,350,10319300
NIFTY-I.NFO,03/01/2022,09:19:08,17500,17498.9,250,17500,1250,1000,10319300
NIFTY-I.NFO,03/01/2022,09:19:09,17500,17498.95,300,17499,250,1250,10319300
NIFTY-I.NFO,03/01/2022,09:19:10,17500,17499.1,50,17500,700,550,10319300
NIFTY-I.NFO,03/01/2022,09:19:11,17499.05,17499.3,50,17499.95,100,1350,10319300
NIFTY-I.NFO,03/01/2022,09:19:12,17500.05,17500.05,50,17501,200,2100,10319300
NIFTY-I.NFO,03/01/2022,09:19:12,17500.9,17500.05,50,17501,200,0,10319300
NIFTY-I.NFO,03/01/2022,09:19:13,17500,17500.1,50,17502,500,700,10319300
NIFTY-I.NFO,03/01/2022,09:19:13,17501.2,17500.1,50,17502,500,0,10319300
NIFTY-I.NFO,03/01/2022,09:19:14,17503,17503,1200,17503.45,50,1150,10319300
NIFTY-I.NFO,03/01/2022,09:19:14,17503,17503,1200,17503.45,50,0,10319300
NIFTY-I.NFO,03/01/2022,09:19:15,17503,17503,1100,17504.05,100,450,10319300
NIFTY-I.NFO,03/01/2022,09:19:15,17504,17503,1100,17504.05,100,0,10319300
NIFTY-I.NFO,03/01/2022,09:19:16,17503,17502.05,250,17504.05,50,1200,10319300
NIFTY-I.NFO,03/01/2022,09:19:16,17504.05,17502.05,250,17504.05,50,0,10319300
NIFTY-I.NFO,03/01/2022,09:19:18,17504.05,17504.3,50,17505,3950,1700,10319300
NIFTY-I.NFO,03/01/2022,09:19:18,17504.9,17504.3,50,17505,3950,0,10319300
NIFTY-I.NFO,03/01/2022,09:19:19,17505,17502.7,50,17505,3450,1100,10319300
NIFTY-I.NFO,03/01/2022,09:19:19,17505,17502.7,50,17505,3450,0,10319300
NIFTY-I.NFO,03/01/2022,09:19:20,17505,17502.85,50,17505,2600,1000,10319300
NIFTY-I.NFO,03/01/2022,09:19:21,17503.35,17503.25,100,17505,550,2450,10319300
NIFTY-I.NFO,03/01/2022,09:19:22,17505.1,17505.1,400,17506.3,50,950,10319300
NIFTY-I.NFO,03/01/2022,09:19:22,17506,17505.1,400,17506.3,50,0,10319300
NIFTY-I.NFO,03/01/2022,09:19:23,17505,17505,100,17506.2,100,2000,10319300
NIFTY-I.NFO,03/01/2022,09:19:23,17507.1,17505,100,17506.2,100,0,10319300
NIFTY-I.NFO,03/01/2022,09:19:24,17507.8,17504.55,200,17507.8,50,1100,10319300
NIFTY-I.NFO,03/01/2022,09:19:24,17507.85,17504.55,200,17507.8,50,0,10319300
NIFTY-I.NFO,03/01/2022,09:19:25,17505.85,17503.35,50,17505.15,100,800,10319300
NIFTY-I.NFO,03/01/2022,09:19:26,17505.1,17505.1,50,17505.15,100,350,10319300
NIFTY-I.NFO,03/01/2022,09:19:27,17506.85,17505,100,17506.85,50,1250,10319300
NIFTY-I.NFO,03/01/2022,09:19:28,17505.1,17504.85,100,17506.85,100,400,10319300
NIFTY-I.NFO,03/01/2022,09:19:29,17505.15,17505.1,100,17507.2,50,550,10319300
NIFTY-I.NFO,03/01/2022,09:19:30,17506.9,17504.75,50,17505.1,50,250,10319300
NIFTY-I.NFO,03/01/2022,09:19:31,17505.1,17504.2,50,17505.1,450,1000,10319300
NIFTY-I.NFO,03/01/2022,09:19:32,17504,17503.05,50,17504.2,50,700,10319300
NIFTY-I.NFO,03/01/2022,09:19:33,17503.9,17502.1,250,17503.9,50,550,10319300
NIFTY-I.NFO,03/01/2022,09:19:34,17503,17502.85,100,17504.75,450,2550,10319300
NIFTY-I.NFO,03/01/2022,09:19:35,17504.2,17504,50,17504.75,400,200,10319300
NIFTY-I.NFO,03/01/2022,09:19:36,17505,17503.45,50,17505,1150,600,10319300
NIFTY-I.NFO,03/01/2022,09:19:37,17503.15,17503.05,250,17505,1100,650,10319300
NIFTY-I.NFO,03/01/2022,09:19:38,17504.95,17503.9,50,17505,1200,300,10319300
NIFTY-I.NFO,03/01/2022,09:19:39,17503.6,17503.6,50,17505,900,400,10319300
NIFTY-I.NFO,03/01/2022,09:19:40,17505,17503.4,150,17505,800,550,10319300
NIFTY-I.NFO,03/01/2022,09:19:41,17503.35,17503.4,50,17505,950,300,10319300
NIFTY-I.NFO,03/01/2022,09:19:42,17503.5,17503.3,100,17505,350,900,10319300
NIFTY-I.NFO,03/01/2022,09:19:43,17503.35,17503.4,50,17505,1550,500,10319300
NIFTY-I.NFO,03/01/2022,09:19:44,17503.15,17503.45,100,17505,1500,1150,10319300
NIFTY-I.NFO,03/01/2022,09:19:45,17503.55,17503.55,100,17505,950,1000,10319300
NIFTY-I.NFO,03/01/2022,09:19:46,17503.5,17503.5,50,17505,1300,350,10319300
NIFTY-I.NFO,03/01/2022,09:19:47,17503.45,17503.5,100,17503.9,50,1400,10319300
NIFTY-I.NFO,03/01/2022,09:19:48,17505,17503.55,50,17505,1150,200,10319300
NIFTY-I.NFO,03/01/2022,09:19:49,17503.9,17503.9,50,17505,1100,200,10319300
NIFTY-I.NFO,03/01/2022,09:19:50,17504.9,17503.5,250,17504.9,350,250,10319300
NIFTY-I.NFO,03/01/2022,09:19:51,17505,17503.5,100,17505,1050,600,10319300
NIFTY-I.NFO,03/01/2022,09:19:52,17504.05,17504.35,50,17505,1300,300,10319300
NIFTY-I.NFO,03/01/2022,09:19:53,17504.45,17504.4,100,17505.1,550,2200,10319300
NIFTY-I.NFO,03/01/2022,09:19:54,17505.25,17505.15,100,17506,50,1200,10319300
NIFTY-I.NFO,03/01/2022,09:19:55,17505.15,17506.75,50,17507,250,300,10319300
NIFTY-I.NFO,03/01/2022,09:19:56,17509,17507.7,50,17509,500,2950,10319300
NIFTY-I.NFO,03/01/2022,09:19:56,17509,17507.7,50,17509,500,0,10319300
NIFTY-I.NFO,03/01/2022,09:19:57,17508.15,17508.15,150,17509,150,1000,10319300
NIFTY-I.NFO,03/01/2022,09:19:58,17509,17508.5,150,17509.5,100,450,10319300
NIFTY-I.NFO,03/01/2022,09:19:59,17506.85,17506.85,50,17507.95,50,1050,10319300
NIFTY-I.NFO,03/01/2022,09:19:59,17509.85,17506.85,50,17507.95,50,0,10319300
NIFTY-I.NFO,03/01/2022,09:20:00,17512,17506.1,50,17510.35,50,17250,10319300
NIFTY-I.NFO,03/01/2022,09:20:00,17512,17506.1,50,17510.35,50,0,10319300
NIFTY-I.NFO,03/01/2022,09:20:01,17512.35,17508.3,200,17512.55,300,2400,10319300
NIFTY-I.NFO,03/01/2022,09:20:01,17512.55,17508.3,200,17512.55,300,0,10319300
NIFTY-I.NFO,03/01/2022,09:20:02,17513.15,17508.9,200,17512.9,50,5500,10319300
NIFTY-I.NFO,03/01/2022,09:20:02,17513.3,17508.9,200,17512.9,50,0,10319300
NIFTY-I.NFO,03/01/2022,09:20:03,17511.35,17507.4,200,17511.3,150,3250,10319300
NIFTY-I.NFO,03/01/2022,09:20:03,17513.8,17507.4,200,17511.3,150,0,10319300
NIFTY-I.NFO,03/01/2022,09:20:04,17513.85,17509.9,200,17513.9,150,5550,10319300
NIFTY-I.NFO,03/01/2022,09:20:04,17514,17509.9,200,17513.9,150,0,10319300
NIFTY-I.NFO,03/01/2022,09:20:05,17509.75,17509.7,50,17510.65,50,700,10319300
NIFTY-I.NFO,03/01/2022,09:20:06,17509.15,17509.25,250,17511.95,50,700,10319300
NIFTY-I.NFO,03/01/2022,09:20:07,17512.35,17510,250,17512.85,50,1050,10319300
NIFTY-I.NFO,03/01/2022,09:20:08,17509.05,17508.95,50,17512.1,200,550,10319300
NIFTY-I.NFO,03/01/2022,09:20:09,17510,17509.05,150,17510,100,750,10319300
NIFTY-I.NFO,03/01/2022,09:20:10,17509,17508.05,50,17509.05,50,300,10319300
NIFTY-I.NFO,03/01/2022,09:20:11,17508.15,17508,50,17508.35,100,900,10319300
NIFTY-I.NFO,03/01/2022,09:20:12,17507.5,17507.3,450,17508,650,1150,10319300
NIFTY-I.NFO,03/01/2022,09:20:13,17507.35,17507.25,50,17508,100,1000,10319300
NIFTY-I.NFO,03/01/2022,09:20:14,17508.35,17508.35,150,17511.45,200,1950,10319300
NIFTY-I.NFO,03/01/2022,09:20:15,17509.15,17505.55,200,17509.15,350,400,10319300
NIFTY-I.NFO,03/01/2022,09:20:16,17505.7,17506.05,50,17508.9,100,300,10319300
NIFTY-I.NFO,03/01/2022,09:20:17,17508.35,17506.25,100,17509,100,400,10308000
NIFTY-I.NFO,03/01/2022,09:20:18,17506.25,17506.25,50,17509.25,750,250,10308000
NIFTY-I.NFO,03/01/2022,09:20:19,17506.2,17506.25,50,17509.1,50,300,10308000
NIFTY-I.NFO,03/01/2022,09:20:20,17509.1,17506.2,700,17508.75,150,250,10308000
NIFTY-I.NFO,03/01/2022,09:20:21,17508.35,17507.25,500,17508.9,200,400,10308000
NIFTY-I.NFO,03/01/2022,09:20:22,17507.3,17507.25,200,17508.85,50,400,10308000
NIFTY-I.NFO,03/01/2022,09:20:23,17508.85,17506.4,100,17508.85,200,300,10308000
NIFTY-I.NFO,03/01/2022,09:20:23,17508.85,17506.4,100,17508.7,50,0,10308000
NIFTY-I.NFO,03/01/2022,09:20:24,17506.4,17506.15,50,17508.35,50,100,10308000
NIFTY-I.NFO,03/01/2022,09:20:25,17509,17507.15,50,17509,1400,500,10308000
NIFTY-I.NFO,03/01/2022,09:20:26,17507,17507,950,17509,1600,100,10308000
NIFTY-I.NFO,03/01/2022,09:20:27,17507,17507,350,17508.95,250,650,10308000
NIFTY-I.NFO,03/01/2022,09:20:28,17507.15,17506.2,50,17508.95,150,1100,10308000
NIFTY-I.NFO,03/01/2022,09:20:29,17505.85,17505.3,200,17507,50,100,10308000
NIFTY-I.NFO,03/01/2022,09:20:30,17504.4,17504.55,100,17506.95,50,10200,10308000
NIFTY-I.NFO,03/01/2022,09:20:31,17506.15,17505.5,50,17505.8,50,3050,10308000
NIFTY-I.NFO,03/01/2022,09:20:32,17508.8,17507.95,50,17508.85,100,3300,10308000
NIFTY-I.NFO,03/01/2022,09:20:33,17507.95,17507.9,150,17508.8,200,50,10308000
NIFTY-I.NFO,03/01/2022,09:20:34,17507.9,17505.5,100,17507.9,650,300,10308000
NIFTY-I.NFO,03/01/2022,09:20:35,17506.95,17506.55,50,17507.9,550,500,10308000
NIFTY-I.NFO,03/01/2022,09:20:36,17507.55,17507.55,50,17508,100,1400,10308000
NIFTY-I.NFO,03/01/2022,09:20:37,17507.6,17507.95,50,17508.95,450,700,10308000
NIFTY-I.NFO,03/01/2022,09:20:38,17508,17508.3,50,17508.95,450,1900,10308000
NIFTY-I.NFO,03/01/2022,09:20:39,17510.05,17510.05,50,17511,150,2700,10308000
NIFTY-I.NFO,03/01/2022,09:20:40,17510.55,17510.65,50,17511.8,900,750,10308000
NIFTY-I.NFO,03/01/2022,09:20:41,17512.35,17511.75,50,17512.8,50,2900,10308000
NIFTY-I.NFO,03/01/2022,09:20:42,17512.5,17512.6,50,17513.8,50,1400,10308000
NIFTY-I.NFO,03/01/2022,09:20:43,17513.4,17513.4,50,17515,600,2600,10308000
NIFTY-I.NFO,03/01/2022,09:20:43,17515,17513.4,50,17515,600,0,10308000
NIFTY-I.NFO,03/01/2022,09:20:44,17515,17512.95,200,17515,350,400,10308000
NIFTY-I.NFO,03/01/2022,09:20:45,17509.35,17509.2,50,17512.35,50,1550,10308000
NIFTY-I.NFO,03/01/2022,09:20:46,17508.75,17509.1,100,17511.7,100,200,10308000
NIFTY-I.NFO,03/01/2022,09:20:47,17511.25,17508.5,100,17511.05,50,200,10308000
NIFTY-I.NFO,03/01/2022,09:20:48,17508.25,17508.6,100,17509.4,50,100,10308000
NIFTY-I.NFO,03/01/2022,09:20:49,17510,17509.65,100,17510.55,100,500,10308000
NIFTY-I.NFO,03/01/2022,09:20:50,17510.65,17510.4,50,17511.9,50,500,10308000
NIFTY-I.NFO,03/01/2022,09:20:51,17512.5,17510,100,17512.5,50,300,10308000
NIFTY-I.NFO,03/01/2022,09:20:52,17513.9,17511.65,100,17514,50,900,10308000
NIFTY-I.NFO,03/01/2022,09:20:53,17513.9,17510.3,100,17513.95,400,0,10308000
NIFTY-I.NFO,03/01/2022,09:20:55,17511.85,17510.4,50,17513.2,50,650,10308000
NIFTY-I.NFO,03/01/2022,09:20:56,17513.8,17510.6,250,17513.75,50,950,10308000
NIFTY-I.NFO,03/01/2022,09:20:57,17511.7,17511.25,50,17513.5,50,150,10308000
NIFTY-I.NFO,03/01/2022,09:20:58,17510.55,17510.45,50,17513.2,50,100,10308000
NIFTY-I.NFO,03/01/2022,09:20:59,17510.4,17510.3,50,17510.85,50,150,10308000
NIFTY-I.NFO,03/01/2022,09:21:00,17510.2,17510,150,17510.85,200,2150,10308000
NIFTY-I.NFO,03/01/2022,09:21:01,17512.95,17510.15,250,17510.85,200,850,10308000
NIFTY-I.NFO,03/01/2022,09:21:02,17511.25,17510.15,100,17511.25,400,1550,10308000
NIFTY-I.NFO,03/01/2022,09:21:03,17511.25,17510.15,100,17511.25,250,200,10308000
NIFTY-I.NFO,03/01/2022,09:21:04,17510.2,17510.15,150,17511.25,150,250,10308000
NIFTY-I.NFO,03/01/2022,09:21:05,17511.25,17510.2,200,17512.9,50,150,10308000
NIFTY-I.NFO,03/01/2022,09:21:06,17509.4,17509.4,150,17511.45,50,250,10308000
NIFTY-I.NFO,03/01/2022,09:21:07,17512.8,17510.1,50,17512.75,50,250,10308000
NIFTY-I.NFO,03/01/2022,09:21:08,17511.25,17510,50,17511.4,50,900,10308000
NIFTY-I.NFO,03/01/2022,09:21:09,17507.75,17507.75,50,17510.1,50,4700,10308000
NIFTY-I.NFO,03/01/2022,09:21:10,17505.9,17505.85,100,17505.9,50,5700,10308000
NIFTY-I.NFO,03/01/2022,09:21:11,17505.55,17505.55,50,17505.9,50,350,10308000
NIFTY-I.NFO,03/01/2022,09:21:12,17505.55,17505.45,100,17505.9,50,800,10308000
NIFTY-I.NFO,03/01/2022,09:21:13,17501.95,17501.95,50,17502.8,50,4000,10308000
NIFTY-I.NFO,03/01/2022,09:21:14,17501.4,17501.6,100,17504.65,50,2600,10308000
NIFTY-I.NFO,03/01/2022,09:21:15,17501.25,17501.3,50,17503.1,50,50,10308000
NIFTY-I.NFO,03/01/2022,09:21:16,17497.55,17497.5,50,17497.75,50,4500,10308000
NIFTY-I.NFO,03/01/2022,09:21:17,17497.85,17495.2,50,17497.25,300,800,10308000
NIFTY-I.NFO,03/01/2022,09:21:17,17496.45,17493.65,50,17496.75,50,650,10308000
NIFTY-I.NFO,03/01/2022,09:21:18,17497.65,17496,150,17498.6,50,450,10308000
NIFTY-I.NFO,03/01/2022,09:21:19,17497.7,17498.05,50,17500,800,1500,10308000
NIFTY-I.NFO,03/01/2022,09:21:20,17498.1,17498.05,50,17499.4,50,350,10308000
NIFTY-I.NFO,03/01/2022,09:21:21,17498.5,17498.3,50,17499.4,300,650,10308000
NIFTY-I.NFO,03/01/2022,09:21:22,17499.45,17499.45,150,17501.25,100,2100,10308000
NIFTY-I.NFO,03/01/2022,09:21:23,17499.7,17500.45,150,17501.25,450,800,10308000
NIFTY-I.NFO,03/01/2022,09:21:24,17500.75,17500.7,50,17502,50,2300,10308000
NIFTY-I.NFO,03/01/2022,09:21:25,17504,17502,50,17504,1050,800,10308000
NIFTY-I.NFO,03/01/2022,09:21:26,17502.8,17502.85,150,17504,1050,300,10308000
NIFTY-I.NFO,03/01/2022,09:21:27,17503.05,17503.05,50,17504,1050,150,10308000
NIFTY-I.NFO,03/01/2022,09:21:28,17503.05,17503.05,50,17504,550,550,10308000
NIFTY-I.NFO,03/01/2022,09:21:29,17504,17503,500,17503.7,50,550,10308000
NIFTY-I.NFO,03/01/2022,09:21:30,17505,17503.45,50,17505,250,3800,10308000
NIFTY-I.NFO,03/01/2022,09:21:31,17503,17503,500,17503.05,150,1750,10308000
NIFTY-I.NFO,03/01/2022,09:21:32,17505,17505,500,17505.55,200,8600,10308000
NIFTY-I.NFO,03/01/2022,09:21:33,17505,17505,500,17505.55,100,200,10308000
NIFTY-I.NFO,03/01/2022,09:21:34,17505,17505,500,17505.9,50,5900,10308000
NIFTY-I.NFO,03/01/2022,09:21:35,17505.55,17505.55,1400,17507.75,150,1200,10308000
NIFTY-I.NFO,03/01/2022,09:21:36,17505.9,17505.95,50,17507.75,50,450,10308000
NIFTY-I.NFO,03/01/2022,09:21:37,17505.9,17505.9,150,17506.8,50,1650,10308000
NIFTY-I.NFO,03/01/2022,09:21:38,17506.8,17505.3,100,17506.8,150,3600,10308000
NIFTY-I.NFO,03/01/2022,09:21:39,17506.8,17507.45,50,17507.9,50,550,10308000
NIFTY-I.NFO,03/01/2022,09:21:40,17507.95,17505.1,50,17508,50,100,10308000
NIFTY-I.NFO,03/01/2022,09:21:41,17505.05,17505,500,17508.8,250,400,10308000
NIFTY-I.NFO,03/01/2022,09:21:42,17505.35,17505.2,100,17506.2,50,2150,10308000
NIFTY-I.NFO,03/01/2022,09:21:43,17505,17505,500,17506.15,50,2500,10308000
NIFTY-I.NFO,03/01/2022,09:21:44,17501.7,17502.1,50,17505.5,200,4950,10308000
NIFTY-I.NFO,03/01/2022,09:21:45,17502.1,17502.35,50,17504.35,50,50,10308000
NIFTY-I.NFO,03/01/2022,09:21:46,17503.35,17500.35,50,17503.45,50,1700,10308000
NIFTY-I.NFO,03/01/2022,09:21:47,17505,17505,500,17505.1,150,16550,10308000
NIFTY-I.NFO,03/01/2022,09:21:48,17505,17505,500,17505.05,50,6300,10308000
NIFTY-I.NFO,03/01/2022,09:21:49,17501.35,17500.35,50,17501.35,200,1350,10308000
NIFTY-I.NFO,03/01/2022,09:21:50,17500,17500,550,17500.45,100,2200,10308000
NIFTY-I.NFO,03/01/2022,09:21:51,17500,17498.6,250,17500,500,800,10308000
NIFTY-I.NFO,03/01/2022,09:21:52,17498.65,17498.6,250,17500,300,300,10308000
NIFTY-I.NFO,03/01/2022,09:21:54,17500,17499.3,150,17502.3,50,2200,10308000
NIFTY-I.NFO,03/01/2022,09:21:55,17499.3,17498.75,50,17501.55,150,550,10308000
NIFTY-I.NFO,03/01/2022,09:21:55,17499.3,17498.65,50,17500,150,0,10308000
NIFTY-I.NFO,03/01/2022,09:21:56,17498.25,17498.1,500,17500,1700,450,10308000
NIFTY-I.NFO,03/01/2022,09:21:57,17499.95,17499.7,50,17502.8,50,2100,10308000
NIFTY-I.NFO,03/01/2022,09:21:58,17499.25,17499.35,50,17502.8,50,300,10308000
NIFTY-I.NFO,03/01/2022,09:21:59,17500,17500,200,17502.75,50,200,10308000
NIFTY-I.NFO,03/01/2022,09:22:00,17500.85,17500.85,200,17502.8,50,450,10308000
NIFTY-I.NFO,03/01/2022,09:22:01,17503,17503,500,17504,50,1800,10308000
NIFTY-I.NFO,03/01/2022,09:22:02,17501.05,17503,500,17504.65,100,1700,10308000
NIFTY-I.NFO,03/01/2022,09:22:03,17503,17503,500,17504.45,100,2200,10308000
NIFTY-I.NFO,03/01/2022,09:22:04,17503,17503,500,17503.2,50,750,10308000
NIFTY-I.NFO,03/01/2022,09:22:05,17503,17503,500,17503.7,50,3450,10308000
NIFTY-I.NFO,03/01/2022,09:22:06,17503,17503,500,17503.05,100,2450,10308000
NIFTY-I.NFO,03/01/2022,09:22:07,17503,17503,500,17503.05,100,100,10308000
NIFTY-I.NFO,03/01/2022,09:22:08,17503,17503,500,17503.05,250,350,10308000
NIFTY-I.NFO,03/01/2022,09:22:09,17503,17503,500,17503.1,50,4000,10308000
NIFTY-I.NFO,03/01/2022,09:22:10,17504.2,17503,500,17503.1,50,500,10308000
NIFTY-I.NFO,03/01/2022,09:22:11,17501.1,17499.5,200,17502.8,50,14500,10308000
NIFTY-I.NFO,03/01/2022,09:22:12,17498.9,17498.2,50,17502.05,200,22800,10308000
NIFTY-I.NFO,03/01/2022,09:22:13,17498.1,17498.1,400,17501.45,250,100,10308000
NIFTY-I.NFO,03/01/2022,09:22:14,17498.1,17498.1,300,17500,100,100,10308000
NIFTY-I.NFO,03/01/2022,09:22:16,17500,17498.1,300,17499.65,50,50,10308000
NIFTY-I.NFO,03/01/2022,09:22:17,17498.1,17498,450,17498.1,50,300,10308000
NIFTY-I.NFO,03/01/2022,09:22:18,17499.65,17498,450,17499,50,150,10308000
NIFTY-I.NFO,03/01/2022,09:22:19,17499.1,17497,100,17498.45,50,1100,10308000
NIFTY-I.NFO,03/01/2022,09:22:20,17496.75,17496.5,50,17498,700,150,10308000
NIFTY-I.NFO,03/01/2022,09:22:21,17502,17502,500,17502.15,50,19650,10308000
NIFTY-I.NFO,03/01/2022,09:22:22,17502,17502,500,17502.2,100,350,10308000
NIFTY-I.NFO,03/01/2022,09:22:23,17502,17502,500,17502.2,50,100,10308000
NIFTY-I.NFO,03/01/2022,09:22:24,17502,17502,500,17502.2,50,0,10308000
NIFTY-I.NFO,03/01/2022,09:22:25,17502,17502,500,17502.2,50,650,10308000
NIFTY-I.NFO,03/01/2022,09:22:26,17502,17502,500,17502.2,150,50,10308000
NIFTY-I.NFO,03/01/2022,09:22:26,17502,17502,700,17502.2,50,150,10308000
NIFTY-I.NFO,03/01/2022,09:22:27,17502,17502,500,17502.05,150,1100,10308000
NIFTY-I.NFO,03/01/2022,09:22:28,17500.25,17498.1,100,17500.25,150,1850,10308000
NIFTY-I.NFO,03/01/2022,09:22:29,17502,17502,500,17502.2,100,8400,10308000
NIFTY-I.NFO,03/01/2022,09:22:30,17502,17502,500,17502.05,200,1750,10308000
NIFTY-I.NFO,03/01/2022,09:22:31,17502,17502,500,17502.05,600,3600,10308000
NIFTY-I.NFO,03/01/2022,09:22:32,17502,17502,500,17502.05,450,5950,10308000
NIFTY-I.NFO,03/01/2022,09:22:33,17497,17496.9,50,17498,50,6450,10308000
NIFTY-I.NFO,03/01/2022,09:22:34,17498.1,17496.3,50,17498.35,50,200,10308000
NIFTY-I.NFO,03/01/2022,09:22:35,17498.1,17496.35,50,17498.55,150,0,10308000
NIFTY-I.NFO,03/01/2022,09:22:36,17497,17496.95,50,17499.45,50,150,10308000
NIFTY-I.NFO,03/01/2022,09:22:37,17497.1,17496.2,50,17498.75,50,7850,10308000
NIFTY-I.NFO,03/01/2022,09:22:38,17496.9,17495.75,50,17498.1,200,950,10308000
NIFTY-I.NFO,03/01/2022,09:22:39,17496,17495.15,500,17496.35,200,1700,10308000
NIFTY-I.NFO,03/01/2022,09:22:40,17497.3,17497.9,50,17500,200,1000,10308000
NIFTY-I.NFO,03/01/2022,09:22:41,17500,17500,500,17500.35,50,3150,10308000
NIFTY-I.NFO,03/01/2022,09:22:42,17500.4,17500.25,50,17502,700,4450,10308000
NIFTY-I.NFO,03/01/2022,09:22:43,17502.15,17500.85,50,17502.95,200,950,10308000
NIFTY-I.NFO,03/01/2022,09:22:44,17500.45,17500.4,300,17502.95,200,100,10308000
NIFTY-I.NFO,03/01/2022,09:22:45,17502.3,17502.3,50,17503.6,100,1750,10308000
NIFTY-I.NFO,03/01/2022,09:22:46,17503.05,17503.05,50,17503.6,50,300,10308000
NIFTY-I.NFO,03/01/2022,09:22:48,17501.1,17502.85,50,17504.95,200,2450,10308000
NIFTY-I.NFO,03/01/2022,09:22:49,17502.3,17502.4,50,17504.95,200,950,10308000
NIFTY-I.NFO,03/01/2022,09:22:50,17502,17502.65,50,17505.4,200,1300,10308000
NIFTY-I.NFO,03/01/2022,09:22:51,17502.25,17501.65,50,17504.55,300,600,10308000
NIFTY-I.NFO,03/01/2022,09:22:52,17501.7,17501.7,50,17502.3,100,50,10308000
NIFTY-I.NFO,03/01/2022,09:22:53,17502.3,17501.75,50,17502.8,450,100,10308000
NIFTY-I.NFO,03/01/2022,09:22:54,17502.3,17501.75,50,17502,50,0,10308000
NIFTY-I.NFO,03/01/2022,09:22:55,17500.2,17501.75,100,17502.15,150,1900,10308000
NIFTY-I.NFO,03/01/2022,09:22:56,17502.9,17502.05,50,17503,50,800,10308000
NIFTY-I.NFO,03/01/2022,09:22:57,17503,17502.85,50,17504,50,100,10308000
NIFTY-I.NFO,03/01/2022,09:22:58,17502.85,17502.85,50,17504,50,150,10308000
NIFTY-I.NFO,03/01/2022,09:22:58,17502.8,17502.8,50,17504,50,100,10308000
NIFTY-I.NFO,03/01/2022,09:23:00,17504.5,17503.7,50,17506.45,50,3950,10308000
NIFTY-I.NFO,03/01/2022,09:23:01,17503.6,17503.1,50,17504.7,50,300,10308000
NIFTY-I.NFO,03/01/2022,09:23:02,17502.8,17502.8,750,17503.3,250,650,10308000
NIFTY-I.NFO,03/01/2022,09:23:03,17502,17501.1,50,17502.8,300,850,10308000
NIFTY-I.NFO,03/01/2022,09:23:04,17501.05,17501.05,50,17502.2,50,150,10308000
NIFTY-I.NFO,03/01/2022,09:23:05,17501.8,17501.6,100,17502,150,250,10308000
NIFTY-I.NFO,03/01/2022,09:23:06,17500,17500,500,17500.85,50,500,10308000
NIFTY-I.NFO,03/01/2022,09:23:07,17502,17500,500,17502,200,1900,10308000
NIFTY-I.NFO,03/01/2022,09:23:08,17500.15,17500,550,17502,400,1050,10308000
NIFTY-I.NFO,03/01/2022,09:23:09,17502,17502.2,100,17502.8,400,750,10308000
NIFTY-I.NFO,03/01/2022,09:23:10,17502.8,17502.05,100,17502.8,300,300,10308000
NIFTY-I.NFO,03/01/2022,09:23:11,17502.1,17502.1,550,17502.8,100,800,10308000
NIFTY-I.NFO,03/01/2022,09:23:11,17502.1,17502.1,550,17502.8,100,0,10308000
NIFTY-I.NFO,03/01/2022,09:23:12,17502.1,17502,100,17502.55,200,800,10308000
NIFTY-I.NFO,03/01/2022,09:23:13,17502,17500.05,100,17502.1,50,100,10308000
NIFTY-I.NFO,03/01/2022,09:23:14,17500.05,17500.45,50,17501.25,50,100,10308000
NIFTY-I.NFO,03/01/2022,09:23:16,17500,17500,500,17501.05,50,250,10308000
NIFTY-I.NFO,03/01/2022,09:23:17,17500.05,17500,550,17501.1,50,550,10208300
NIFTY-I.NFO,03/01/2022,09:23:18,17500,17500,500,17500.3,50,2050,10208300
NIFTY-I.NFO,03/01/2022,09:23:19,17500,17500,500,17500.25,50,700,10208300
NIFTY-I.NFO,03/01/2022,09:23:20,17500,17500,500,17501.2,50,2500,10208300
NIFTY-I.NFO,03/01/2022,09:23:21,17500,17500,500,17500.05,50,3250,10208300
NIFTY-I.NFO,03/01/2022,09:23:22,17500,17500,500,17500.85,50,5550,10208300
NIFTY-I.NFO,03/01/2022,09:23:23,17500,17500,500,17500.5,50,3000,10208300
NIFTY-I.NFO,03/01/2022,09:23:24,17500,17500,500,17500.05,50,5600,10208300
NIFTY-I.NFO,03/01/2022,09:23:24,17500,17500,500,17500.05,100,100,10208300
NIFTY-I.NFO,03/01/2022,09:23:25,17500.05,17500,550,17500.05,250,700,10208300
NIFTY-I.NFO,03/01/2022,09:23:26,17500,17500,500,17500.05,150,7950,10208300
NIFTY-I.NFO,03/01/2022,09:23:28,17500,17500,500,17500.05,150,5500,10208300
NIFTY-I.NFO,03/01/2022,09:23:29,17500,17500,500,17500.05,150,1450,10208300
NIFTY-I.NFO,03/01/2022,09:23:30,17500,17499,50,17500.05,200,1500,10208300
NIFTY-I.NFO,03/01/2022,09:23:31,17497.25,17497.25,950,17499.7,50,300,10208300
NIFTY-I.NFO,03/01/2022,09:23:32,17497.25,17497.25,900,17498.9,50,150,10208300
NIFTY-I.NFO,03/01/2022,09:23:33,17498.05,17497,200,17498.05,50,1000,10208300
NIFTY-I.NFO,03/01/2022,09:23:34,17496,17496,200,17496.95,50,300,10208300
NIFTY-I.NFO,03/01/2022,09:23:35,17496,17496,150,17496.9,50,50,10208300
NIFTY-I.NFO,03/01/2022,09:23:36,17496,17496,100,17496.65,50,50,10208300
NIFTY-I.NFO,03/01/2022,09:23:37,17496,17495.1,700,17495.9,50,200,10208300
NIFTY-I.NFO,03/01/2022,09:23:38,17498,17498,500,17498.3,150,15150,10208300
NIFTY-I.NFO,03/01/2022,09:23:39,17498,17498,500,17498.25,50,2750,10208300
NIFTY-I.NFO,03/01/2022,09:23:40,17498.3,17498,500,17498.25,350,2000,10208300
NIFTY-I.NFO,03/01/2022,09:23:41,17498,17498,500,17499,1050,2350,10208300
NIFTY-I.NFO,03/01/2022,09:23:42,17498,17498,500,17499,1000,400,10208300
NIFTY-I.NFO,03/01/2022,09:23:43,17498,17498,500,17499,950,200,10208300
NIFTY-I.NFO,03/01/2022,09:23:44,17498.85,17498.8,150,17501,100,2800,10208300
NIFTY-I.NFO,03/01/2022,09:23:45,17501,17499.65,50,17501.85,100,450,10208300
NIFTY-I.NFO,03/01/2022,09:23:46,17499.15,17499.3,50,17502,450,600,10208300
NIFTY-I.NFO,03/01/2022,09:23:47,17502.5,17500.2,50,17502.5,100,700,10208300
NIFTY-I.NFO,03/01/2022,09:23:48,17501,17501,500,17502.55,50,1400,10208300
NIFTY-I.NFO,03/01/2022,09:23:49,17501,17501,500,17502.55,50,1900,10208300
NIFTY-I.NFO,03/01/2022,09:23:50,17501,17501,500,17502.45,150,1450,10208300
NIFTY-I.NFO,03/01/2022,09:23:51,17502.55,17501,500,17502.55,150,150,10208300
NIFTY-I.NFO,03/01/2022,09:23:52,17501,17501,500,17501.25,50,850,10208300
NIFTY-I.NFO,03/01/2022,09:23:53,17501,17501,500,17501.05,200,3300,10208300
NIFTY-I.NFO,03/01/2022,09:23:54,17501,17501,500,17501.05,200,350,10208300
NIFTY-I.NFO,03/01/2022,09:23:55,17501,17501,500,17501.05,200,1250,10208300
NIFTY-I.NFO,03/01/2022,09:23:56,17501,17501,500,17501.05,100,2100,10208300
NIFTY-I.NFO,03/01/2022,09:23:57,17501,17501,500,17501.05,100,650,10208300
NIFTY-I.NFO,03/01/2022,09:23:58,17501,17501,500,17501.05,150,1000,10208300
NIFTY-I.NFO,03/01/2022,09:23:59,17501,17501,500,17501.05,200,1650,10208300
NIFTY-I.NFO,03/01/2022,09:24:00,17501.05,17501,650,17501.05,400,600,10208300
NIFTY-I.NFO,03/01/2022,09:24:01,17501,17501,500,17501.05,250,11700,10208300
NIFTY-I.NFO,03/01/2022,09:24:02,17501.05,17501,500,17501.15,50,5200,10208300
NIFTY-I.NFO,03/01/2022,09:24:03,17501,17501,500,17501.05,50,3750,10208300
NIFTY-I.NFO,03/01/2022,09:24:04,17501,17501,500,17501.05,150,2850,10208300
NIFTY-I.NFO,03/01/2022,09:24:05,17501,17501,500,17501.05,100,4200,10208300
NIFTY-I.NFO,03/01/2022,09:24:06,17501,17501,500,17501.1,50,2100,10208300
NIFTY-I.NFO,03/01/2022,09:24:07,17501,17501,500,17501.7,50,300,10208300
NIFTY-I.NFO,03/01/2022,09:24:08,17501,17501,500,17501.05,150,1000,10208300
NIFTY-I.NFO,03/01/2022,09:24:09,17501,17501,550,17501.05,150,800,10208300
NIFTY-I.NFO,03/01/2022,09:24:10,17501.05,17501,500,17501.25,150,600,10208300
NIFTY-I.NFO,03/01/2022,09:24:11,17501,17501,100,17501.25,150,500,10208300
NIFTY-I.NFO,03/01/2022,09:24:12,17500,17500,50,17501.1,50,300,10208300
NIFTY-I.NFO,03/01/2022,09:24:13,17495.1,17495.1,1450,17495.8,50,1300,10208300
NIFTY-I.NFO,03/01/2022,09:24:14,17496,17496,500,17496.3,50,8250,10208300
NIFTY-I.NFO,03/01/2022,09:24:15,17496,17496,500,17496.05,50,200,10208300
NIFTY-I.NFO,03/01/2022,09:24:16,17496,17496,600,17496.1,50,5100,10208300
NIFTY-I.NFO,03/01/2022,09:24:17,17496,17496,500,17496.05,300,1350,10208300
NIFTY-I.NFO,03/01/2022,09:24:18,17496,17496,500,17496.05,50,2750,10208300
NIFTY-I.NFO,03/01/2022,09:24:19,17496,17496,500,17496.05,300,3350,10208300
NIFTY-I.NFO,03/01/2022,09:24:20,17496,17496,500,17496.05,150,5750,10208300
NIFTY-I.NFO,03/01/2022,09:24:21,17496,17496,500,17496.05,250,450,10208300
NIFTY-I.NFO,03/01/2022,09:24:22,17496,17496,450,17496.05,100,550,10208300
NIFTY-I.NFO,03/01/2022,09:24:23,17496.05,17496,300,17496.05,250,200,10208300
NIFTY-I.NFO,03/01/2022,09:24:24,17495,17494,50,17495.45,150,600,10208300
NIFTY-I.NFO,03/01/2022,09:24:25,17493.95,17493,1450,17493.95,50,400,10208300
NIFTY-I.NFO,03/01/2022,09:24:26,17493,17493,900,17493.95,50,700,10208300
NIFTY-I.NFO,03/01/2022,09:24:27,17493.95,17493,450,17493.95,50,550,10208300
NIFTY-I.NFO,03/01/2022,09:24:27,17493.95,17493,450,17493.95,50,0,10208300
NIFTY-I.NFO,03/01/2022,09:24:28,17493,17493,300,17493.95,100,200,10208300
NIFTY-I.NFO,03/01/2022,09:24:29,17492.25,17492,1800,17493.65,50,450,10208300
NIFTY-I.NFO,03/01/2022,09:24:30,17492,17492,1550,17492.95,100,300,10208300
NIFTY-I.NFO,03/01/2022,09:24:31,17492,17492,1550,17492.95,100,0,10208300
NIFTY-I.NFO,03/01/2022,09:24:32,17493,17493,50,17493.65,50,800,10208300
NIFTY-I.NFO,03/01/2022,09:24:33,17492.95,17492.95,150,17493.65,50,1450,10208300
NIFTY-I.NFO,03/01/2022,09:24:34,17492.95,17492,1150,17493.75,50,200,10208300
NIFTY-I.NFO,03/01/2022,09:24:35,17492,17492,850,17492.9,50,400,10208300
NIFTY-I.NFO,03/01/2022,09:24:36,17492,17492,850,17492.9,50,0,10208300
NIFTY-I.NFO,03/01/2022,09:24:37,17492,17492,500,17492.95,350,400,10208300
NIFTY-I.NFO,03/01/2022,09:24:38,17491.3,17491.3,250,17491.9,50,1000,10208300
NIFTY-I.NFO,03/01/2022,09:24:39,17491,17491,900,17491.7,50,1150,10208300
NIFTY-I.NFO,03/01/2022,09:24:40,17491,17491,150,17491.7,100,1250,10208300
NIFTY-I.NFO,03/01/2022,09:24:41,17490,17490,3200,17491.6,50,1450,10208300
NIFTY-I.NFO,03/01/2022,09:24:42,17490,17490,3200,17491.3,100,150,10208300
NIFTY-I.NFO,03/01/2022,09:24:44,17490.1,17490,3150,17491.15,100,250,10208300
NIFTY-I.NFO,03/01/2022,09:24:45,17490,17490,3050,17491,50,200,10208300
NIFTY-I.NFO,03/01/2022,09:24:45,17490,17490,3050,17491,50,0,10208300
NIFTY-I.NFO,03/01/2022,09:24:47,17489,17489,900,17489.95,50,4950,10208300
NIFTY-I.NFO,03/01/2022,09:24:48,17489.65,17489,50,17490,400,1100,10208300
NIFTY-I.NFO,03/01/2022,09:24:49,17487.25,17487,1500,17489.6,100,2900,10208300
NIFTY-I.NFO,03/01/2022,09:24:50,17488.85,17487,1200,17488,50,450,10208300
NIFTY-I.NFO,03/01/2022,09:24:51,17486.2,17486,900,17486.25,150,3600,10208300
NIFTY-I.NFO,03/01/2022,09:24:52,17485.85,17485.85,50,17486,150,1050,10208300
NIFTY-I.NFO,03/01/2022,09:24:53,17485,17485,1700,17485.85,100,2850,10208300
NIFTY-I.NFO,03/01/2022,09:24:54,17485,17484,3000,17484.95,1000,1700,10208300
NIFTY-I.NFO,03/01/2022,09:24:55,17484,17484,2900,17484.95,700,450,10208300
NIFTY-I.NFO,03/01/2022,09:24:56,17484.8,17484,2850,17484.85,50,1050,10208300
NIFTY-I.NFO,03/01/2022,09:24:57,17484.9,17484,2100,17485,1800,850,10208300
NIFTY-I.NFO,03/01/2022,09:24:58,17484,17484,300,17485,1450,2150,10208300
NIFTY-I.NFO,03/01/2022,09:24:59,17483.6,17483.6,50,17485.75,300,2700,10208300
NIFTY-I.NFO,03/01/2022,09:25:00,17484.95,17483.85,50,17485.3,50,1100,10208300
NIFTY-I.NFO,03/01/2022,09:25:01,17484.45,17484.45,50,17485.3,100,2950,10208300
NIFTY-I.NFO,03/01/2022,09:25:02,17485.1,17485.1,50,17486.7,50,850,10208300
NIFTY-I.NFO,03/01/2022,09:25:03,17487.25,17487.25,100,17488.2,150,2150,10208300
NIFTY-I.NFO,03/01/2022,09:25:04,17485.3,17485.3,300,17487.75,50,900,10208300
NIFTY-I.NFO,03/01/2022,09:25:05,17485.85,17486.25,50,17488.7,150,1600,10208300
NIFTY-I.NFO,03/01/2022,09:25:06,17486.2,17486.35,50,17489.15,100,3150,10208300
NIFTY-I.NFO,03/01/2022,09:25:07,17486.15,17486.4,50,17489.05,50,750,10208300
NIFTY-I.NFO,03/01/2022,09:25:08,17489.05,17487.65,50,17488.85,100,250,10208300
NIFTY-I.NFO,03/01/2022,09:25:09,17490,17487.95,50,17490,1150,1000,10208300
NIFTY-I.NFO,03/01/2022,09:25:10,17490.7,17490.5,50,17491.45,100,5150,10208300
NIFTY-I.NFO,03/01/2022,09:25:11,17491.8,17490,50,17491.8,200,550,10208300
NIFTY-I.NFO,03/01/2022,09:25:12,17490,17489.85,50,17491.85,100,750,10208300
NIFTY-I.NFO,03/01/2022,09:25:13,17489.1,17489.65,50,17492,2000,2700,10208300
NIFTY-I.NFO,03/01/2022,09:25:14,17492.95,17491.95,50,17493,650,4100,10208300
NIFTY-I.NFO,03/01/2022,09:25:15,17495,17493.45,50,17495,200,800,10208300
NIFTY-I.NFO,03/01/2022,09:25:16,17497.6,17495.05,50,17497.75,200,650,10208300
NIFTY-I.NFO,03/01/2022,09:25:17,17495.1,17495.15,50,17497.55,50,2250,10208300
NIFTY-I.NFO,03/01/2022,09:25:18,17493.85,17493.5,50,17493.85,250,250,10208300
NIFTY-I.NFO,03/01/2022,09:25:19,17495.7,17493.05,50,17495.4,50,600,10208300
NIFTY-I.NFO,03/01/2022,09:25:20,17493,17492,50,17493,700,250,10208300
NIFTY-I.NFO,03/01/2022,09:25:21,17493,17491.85,50,17493.1,100,600,10208300
NIFTY-I.NFO,03/01/2022,09:25:22,17492.5,17492.65,50,17493,1000,250,10208300
NIFTY-I.NFO,03/01/2022,09:25:23,17491.7,17492.1,50,17493.95,50,1150,10208300
NIFTY-I.NFO,03/01/2022,09:25:24,17492.5,17492.35,50,17493.95,50,100,10208300
NIFTY-I.NFO,03/01/2022,09:25:25,17492.05,17490.5,50,17492.05,200,200,10208300
NIFTY-I.NFO,03/01/2022,09:25:26,17493.85,17490.5,50,17492.05,50,950,10208300
NIFTY-I.NFO,03/01/2022,09:25:27,17490.5,17491.05,100,17492.05,250,50,10208300
NIFTY-I.NFO,03/01/2022,09:25:28,17490.8,17489,50,17491.3,50,600,10208300
NIFTY-I.NFO,03/01/2022,09:25:29,17490.75,17488.3,50,17490.8,50,150,10208300
NIFTY-I.NFO,03/01/2022,09:25:30,17490.7,17488,50,17488.95,50,450,10208300
NIFTY-I.NFO,03/01/2022,09:25:31,17488.9,17488,50,17488.9,50,150,10208300
NIFTY-I.NFO,03/01/2022,09:25:32,17488.9,17488,50,17488.9,50,0,10208300
NIFTY-I.NFO,03/01/2022,09:25:33,17488.9,17486.75,50,17488.85,50,600,10208300
NIFTY-I.NFO,03/01/2022,09:25:34,17486.45,17486,50,17487.1,50,100,10208300
NIFTY-I.NFO,03/01/2022,09:25:35,17486.45,17486,100,17487.1,50,0,10208300
NIFTY-I.NFO,03/01/2022,09:25:36,17486.7,17486.7,450,17487.15,50,50,10208300
NIFTY-I.NFO,03/01/2022,09:25:37,17485.3,17485.45,100,17486,200,300,10208300
NIFTY-I.NFO,03/01/2022,09:25:38,17485.45,17485,1500,17485.45,50,500,10208300
NIFTY-I.NFO,03/01/2022,09:25:39,17486.1,17485,1000,17486.35,50,100,10208300
NIFTY-I.NFO,03/01/2022,09:25:40,17485,17485,950,17486.75,50,50,10208300
NIFTY-I.NFO,03/01/2022,09:25:41,17485,17485,750,17485.45,900,350,10208300
NIFTY-I.NFO,03/01/2022,09:25:42,17485,17485,500,17485.45,500,700,10208300
NIFTY-I.NFO,03/01/2022,09:25:43,17485.4,17484.1,500,17485.45,500,850,10208300
NIFTY-I.NFO,03/01/2022,09:25:44,17484.1,17484.25,250,17485.45,500,350,10208300
NIFTY-I.NFO,03/01/2022,09:25:45,17484.25,17484.25,150,17485.45,550,250,10208300
NIFTY-I.NFO,03/01/2022,09:25:46,17485,17484,550,17485,50,350,10208300
NIFTY-I.NFO,03/01/2022,09:25:47,17486.05,17484,50,17485.8,100,950,10208300
NIFTY-I.NFO,03/01/2022,09:25:47,17486.05,17484.25,100,17485,50,0,10208300
NIFTY-I.NFO,03/01/2022,09:25:48,17486,17486,1050,17487.15,50,550,10208300
NIFTY-I.NFO,03/01/2022,09:25:49,17487.15,17486.85,150,17488,50,600,10208300
NIFTY-I.NFO,03/01/2022,09:25:50,17486.85,17486.85,500,17488,100,50,10208300
NIFTY-I.NFO,03/01/2022,09:25:51,17486.1,17486,900,17487.85,50,200,10208300
NIFTY-I.NFO,03/01/2022,09:25:53,17486.5,17486.9,100,17487.5,100,200,10208300
NIFTY-I.NFO,03/01/2022,09:25:54,17486,17486,500,17487.15,200,1400,10208300
NIFTY-I.NFO,03/01/2022,09:25:55,17484.4,17484.4,200,17485.9,50,850,10208300
NIFTY-I.NFO,03/01/2022,09:25:56,17486.45,17484.3,50,17486.3,50,150,10208300
NIFTY-I.NFO,03/01/2022,09:25:57,17485.75,17485,1500,17485.75,300,100,10208300
NIFTY-I.NFO,03/01/2022,09:25:57,17485.75,17485,1500,17485.75,300,0,10208300
NIFTY-I.NFO,03/01/2022,09:25:59,17485,17485.4,100,17485.7,200,300,10208300
NIFTY-I.NFO,03/01/2022,09:26:00,17485.5,17485.25,100,17486.3,150,850,10208300
NIFTY-I.NFO,03/01/2022,09:26:01,17486.45,17486.4,150,17486.8,50,350,10208300
NIFTY-I.NFO,03/01/2022,09:26:02,17486.4,17485.9,650,17487,100,400,10208300
NIFTY-I.NFO,03/01/2022,09:26:03,17486.95,17485.9,50,17486.95,50,300,10208300
NIFTY-I.NFO,03/01/2022,09:26:04,17486.8,17485.7,50,17487,50,500,10208300
NIFTY-I.NFO,03/01/2022,09:26:05,17485.7,17485.5,150,17486.55,50,50,10208300
NIFTY-I.NFO,03/01/2022,09:26:06,17486.55,17486,100,17487,50,150,10208300
NIFTY-I.NFO,03/01/2022,09:26:06,17486.55,17486,100,17487,50,0,10208300
NIFTY-I.NFO,03/01/2022,09:26:07,17485.1,17485.85,200,17487,50,1500,10208300
NIFTY-I.NFO,03/01/2022,09:26:09,17486.95,17486.65,100,17486.95,50,400,10208300
NIFTY-I.NFO,03/01/2022,09:26:10,17486.5,17486.65,100,17486.95,50,50,10208300
NIFTY-I.NFO,03/01/2022,09:26:11,17487,17487,50,17487.95,50,300,10208300
NIFTY-I.NFO,03/01/2022,09:26:12,17487.9,17486.45,100,17487.9,150,400,10208300
NIFTY-I.NFO,03/01/2022,09:26:13,17486.7,17486.8,50,17487.85,50,50,10208300
NIFTY-I.NFO,03/01/2022,09:26:14,17486.55,17485.05,100,17486.6,100,250,10208300
NIFTY-I.NFO,03/01/2022,09:26:15,17485,17485.05,200,17486.1,100,500,10208300
NIFTY-I.NFO,03/01/2022,09:26:16,17484.25,17484,100,17485,50,1800,10208300
NIFTY-I.NFO,03/01/2022,09:26:17,17484.85,17484,100,17484.95,100,100,10109200
NIFTY-I.NFO,03/01/2022,09:26:18,17484.9,17483.5,250,17484.9,100,250,10109200
NIFTY-I.NFO,03/01/2022,09:26:19,17484.9,17483.9,150,17484.85,200,0,10109200
NIFTY-I.NFO,03/01/2022,09:26:19,17484.85,17484.2,100,17484.9,100,50,10109200
NIFTY-I.NFO,03/01/2022,09:26:20,17486.25,17485.35,50,17486.3,100,550,10109200
NIFTY-I.NFO,03/01/2022,09:26:21,17485.35,17483.65,100,17485.75,200,50,10109200
NIFTY-I.NFO,03/01/2022,09:26:22,17483.95,17483.95,100,17484.25,50,400,10109200
NIFTY-I.NFO,03/01/2022,09:26:24,17484.25,17484.25,100,17484.85,50,400,10109200
NIFTY-I.NFO,03/01/2022,09:26:25,17483.55,17483.7,50,17484.25,400,600,10109200
NIFTY-I.NFO,03/01/2022,09:26:26,17483.75,17483.35,100,17484.2,100,50,10109200
NIFTY-I.NFO,03/01/2022,09:26:27,17483.5,17483.2,100,17484.05,150,250,10109200
NIFTY-I.NFO,03/01/2022,09:26:27,17483.5,17483.25,300,17484.05,150,0,10109200
NIFTY-I.NFO,03/01/2022,09:26:29,17483.2,17483.65,50,17484.05,50,300,10109200
NIFTY-I.NFO,03/01/2022,09:26:30,17483,17483,150,17483.85,100,300,10109200
NIFTY-I.NFO,03/01/2022,09:26:31,17483.75,17483.65,50,17483.95,100,450,10109200
NIFTY-I.NFO,03/01/2022,09:26:32,17484.7,17484.15,100,17484.95,100,350,10109200
NIFTY-I.NFO,03/01/2022,09:26:33,17484.8,17484.7,100,17485.35,1550,2300,10109200
NIFTY-I.NFO,03/01/2022,09:26:34,17484.1,17484.25,100,17485.3,50,2000,10109200
NIFTY-I.NFO,03/01/2022,09:26:35,17483.95,17484.2,150,17485.25,100,800,10109200
NIFTY-I.NFO,03/01/2022,09:26:36,17485.25,17485.25,50,17486,100,1800,10109200
NIFTY-I.NFO,03/01/2022,09:26:37,17484,17483.85,50,17484.95,150,950,10109200
NIFTY-I.NFO,03/01/2022,09:26:38,17483.2,17483.2,50,17484.8,50,2450,10109200
NIFTY-I.NFO,03/01/2022,09:26:39,17483.2,17483.35,100,17483.85,550,50,10109200
NIFTY-I.NFO,03/01/2022,09:26:40,17483.1,17483.65,100,17483.85,550,1050,10109200
NIFTY-I.NFO,03/01/2022,09:26:41,17483.85,17483.95,150,17484.25,100,550,10109200
NIFTY-I.NFO,03/01/2022,09:26:42,17485,17485.05,200,17485.25,500,600,10109200
NIFTY-I.NFO,03/01/2022,09:26:43,17486,17485.9,100,17486.45,50,700,10109200
NIFTY-I.NFO,03/01/2022,09:26:44,17487.4,17486.45,250,17487.4,50,200,10109200
NIFTY-I.NFO,03/01/2022,09:26:45,17485.1,17485.1,50,17486,50,500,10109200
NIFTY-I.NFO,03/01/2022,09:26:46,17487.7,17486.3,50,17487.7,100,250,10109200
NIFTY-I.NFO,03/01/2022,09:26:47,17486.3,17486.05,100,17487.7,100,50,10109200
NIFTY-I.NFO,03/01/2022,09:26:48,17486.3,17485.75,150,17487.7,100,0,10109200
NIFTY-I.NFO,03/01/2022,09:26:49,17485.75,17485.65,50,17485.75,50,50,10109200
NIFTY-I.NFO,03/01/2022,09:26:50,17486.15,17486.2,50,17487.6,100,200,10109200
NIFTY-I.NFO,03/01/2022,09:26:51,17485.75,17485,100,17485.8,50,200,10109200
NIFTY-I.NFO,03/01/2022,09:26:52,17485.75,17485,150,17485.85,50,0,10109200
NIFTY-I.NFO,03/01/2022,09:26:53,17484.85,17484.7,100,17484.85,450,1400,10109200
NIFTY-I.NFO,03/01/2022,09:26:54,17484.85,17484.7,100,17484.85,200,250,10109200
NIFTY-I.NFO,03/01/2022,09:26:55,17484.85,17484.95,50,17485.65,50,200,10109200
NIFTY-I.NFO,03/01/2022,09:26:56,17485.6,17484.85,50,17485.65,50,1850,10109200
NIFTY-I.NFO,03/01/2022,09:26:57,17484.7,17484.85,50,17485.9,850,350,10109200
NIFTY-I.NFO,03/01/2022,09:26:58,17485.9,17484.35,100,17485.9,800,1950,10109200
NIFTY-I.NFO,03/01/2022,09:26:59,17485.9,17485.55,50,17485.9,400,500,10109200
NIFTY-I.NFO,03/01/2022,09:27:00,17485,17485.35,250,17485.9,400,1800,10109200
NIFTY-I.NFO,03/01/2022,09:27:01,17485,17485.6,50,17485.9,400,0,10109200
NIFTY-I.NFO,03/01/2022,09:27:02,17486.25,17486.4,50,17486.45,50,750,10109200
NIFTY-I.NFO,03/01/2022,09:27:03,17486.25,17486.25,50,17489.05,50,3600,10109200
NIFTY-I.NFO,03/01/2022,09:27:04,17486.95,17486.95,100,17489.15,100,350,10109200
NIFTY-I.NFO,03/01/2022,09:27:05,17486.15,17486.05,300,17488.6,50,3150,10109200
NIFTY-I.NFO,03/01/2022,09:27:06,17488.6,17488.6,350,17489.95,50,250,10109200
NIFTY-I.NFO,03/01/2022,09:27:07,17489.95,17487.85,50,17489.85,50,500,10109200
NIFTY-I.NFO,03/01/2022,09:27:08,17489.15,17487.45,100,17489.85,50,1050,10109200
NIFTY-I.NFO,03/01/2022,09:27:09,17490,17489.25,50,17490.9,100,350,10109200
NIFTY-I.NFO,03/01/2022,09:27:10,17488.6,17488,100,17489.85,100,100,10109200
NIFTY-I.NFO,03/01/2022,09:27:11,17490,17488.1,200,17490.05,100,800,10109200
NIFTY-I.NFO,03/01/2022,09:27:12,17489.05,17488.95,100,17490.1,150,150,10109200
NIFTY-I.NFO,03/01/2022,09:27:13,17488,17487.1,50,17489.05,100,600,10109200
NIFTY-I.NFO,03/01/2022,09:27:14,17487.35,17487.35,400,17488.45,50,150,10109200
NIFTY-I.NFO,03/01/2022,09:27:15,17489.25,17487.1,100,17488.3,50,400,10109200
NIFTY-I.NFO,03/01/2022,09:27:16,17489.5,17487.85,100,17489.45,150,350,10109200
NIFTY-I.NFO,03/01/2022,09:27:17,17490,17489.25,500,17490,100,50,10109200
NIFTY-I.NFO,03/01/2022,09:27:18,17490,17489.4,200,17491.05,150,200,10109200
NIFTY-I.NFO,03/01/2022,09:27:19,17489.8,17489.8,450,17490,400,50,10109200
NIFTY-I.NFO,03/01/2022,09:27:20,17490,17490,50,17492,400,850,10109200
NIFTY-I.NFO,03/01/2022,09:27:21,17491.2,17491.2,50,17491.5,50,100,10109200
NIFTY-I.NFO,03/01/2022,09:27:22,17489.45,17489.9,150,17492.5,150,1250,10109200
NIFTY-I.NFO,03/01/2022,09:27:23,17490.2,17490.95,50,17492.5,150,50,10109200
NIFTY-I.NFO,03/01/2022,09:27:24,17492.5,17492,50,17492.5,100,250,10109200
NIFTY-I.NFO,03/01/2022,09:27:25,17492,17492.5,1000,17492.85,150,50,10109200
NIFTY-I.NFO,03/01/2022,09:27:26,17492.5,17492.5,850,17492.85,150,150,10109200
NIFTY-I.NFO,03/01/2022,09:27:27,17493,17493.05,100,17493.3,150,300,10109200
NIFTY-I.NFO,03/01/2022,09:27:28,17494,17493.8,100,17494,550,200,10109200
NIFTY-I.NFO,03/01/2022,09:27:29,17492.85,17492.85,900,17494.1,100,600,10109200
NIFTY-I.NFO,03/01/2022,09:27:30,17495,17493.7,100,17495,450,850,10109200
NIFTY-I.NFO,03/01/2022,09:27:31,17494.9,17494.9,50,17495,300,150,10109200
NIFTY-I.NFO,03/01/2022,09:27:32,17494.3,17494.15,50,17495,250,100,10109200
NIFTY-I.NFO,03/01/2022,09:27:33,17495,17494.45,300,17495,150,100,10109200
NIFTY-I.NFO,03/01/2022,09:27:34,17495.65,17494.25,300,17495.7,50,250,10109200
NIFTY-I.NFO,03/01/2022,09:27:35,17495.05,17495.35,50,17495.65,50,50,10109200
NIFTY-I.NFO,03/01/2022,09:27:36,17495.95,17495,100,17496,50,500,10109200
NIFTY-I.NFO,03/01/2022,09:27:37,17496.55,17495.65,50,17496.7,50,200,10109200
NIFTY-I.NFO,03/01/2022,09:27:38,17497,17495.65,50,17497,50,1000,10109200
NIFTY-I.NFO,03/01/2022,09:27:39,17496.2,17495,200,17496.05,100,350,10109200
NIFTY-I.NFO,03/01/2022,09:27:40,17494.5,17493,50,17494.45,50,1050,10109200
NIFTY-I.NFO,03/01/2022,09:27:41,17495,17493,50,17494.45,200,500,10109200
NIFTY-I.NFO,03/01/2022,09:27:42,17495,17493,150,17494.45,200,0,10109200
NIFTY-I.NFO,03/01/2022,09:27:43,17494.45,17493.05,150,17494.45,300,50,10109200
NIFTY-I.NFO,03/01/2022,09:27:44,17495,17494.5,400,17495,150,300,10109200
NIFTY-I.NFO,03/01/2022,09:27:45,17494.5,17494.5,350,17495,150,50,10109200
NIFTY-I.NFO,03/01/2022,09:27:46,17494.5,17494.5,350,17495,150,0,10109200
NIFTY-I.NFO,03/01/2022,09:27:47,17495,17494.5,350,17495,50,150,10109200
NIFTY-I.NFO,03/01/2022,09:27:48,17494.5,17494.5,300,17495.3,150,100,10109200
NIFTY-I.NFO,03/01/2022,09:27:49,17496.65,17495.3,850,17496.85,150,400,10109200
NIFTY-I.NFO,03/01/2022,09:27:50,17496.1,17496.1,450,17496.85,250,350,10109200
NIFTY-I.NFO,03/01/2022,09:27:51,17495,17494.5,300,17495,200,2050,10109200
NIFTY-I.NFO,03/01/2022,09:27:52,17494.5,17492.85,50,17494.65,400,850,10109200
NIFTY-I.NFO,03/01/2022,09:27:53,17494.25,17496.1,150,17496.8,50,600,10109200
NIFTY-I.NFO,03/01/2022,09:27:54,17496.1,17496.1,100,17497,550,50,10109200
NIFTY-I.NFO,03/01/2022,09:27:55,17494.5,17493.65,500,17494.5,250,1350,10109200
NIFTY-I.NFO,03/01/2022,09:27:56,17494.5,17493.55,500,17494.5,100,150,10109200
NIFTY-I.NFO,03/01/2022,09:27:57,17494.5,17493.65,500,17494.5,100,0,10109200
NIFTY-I.NFO,03/01/2022,09:27:58,17497.05,17495.6,150,17498,100,550,10109200
NIFTY-I.NFO,03/01/2022,09:27:59,17495,17495,450,17497.95,200,1850,10109200
NIFTY-I.NFO,03/01/2022,09:28:00,17495.05,17494.9,500,17497.5,50,150,10109200
NIFTY-I.NFO,03/01/2022,09:28:01,17497.95,17495.3,500,17497.85,100,500,10109200
NIFTY-I.NFO,03/01/2022,09:28:02,17497.15,17497.15,250,17497.5,50,1800,10109200
NIFTY-I.NFO,03/01/2022,09:28:03,17496.65,17496.65,450,17497.15,100,300,10109200
NIFTY-I.NFO,03/01/2022,09:28:04,17498.95,17496.85,50,17499,1000,450,10109200
NIFTY-I.NFO,03/01/2022,09:28:05,17497,17496.65,500,17498.95,150,450,10109200
NIFTY-I.NFO,03/01/2022,09:28:06,17496.65,17496.55,500,17498.7,150,100,10109200
NIFTY-I.NFO,03/01/2022,09:28:07,17499,17498.25,450,17499,750,550,10109200
NIFTY-I.NFO,03/01/2022,09:28:08,17499,17498.3,500,17499,300,500,10109200
NIFTY-I.NFO,03/01/2022,09:28:09,17499,17499.6,500,17500,4100,300,10109200
NIFTY-I.NFO,03/01/2022,09:28:10,17498.7,17498.7,150,17499.5,50,950,10109200
NIFTY-I.NFO,03/01/2022,09:28:11,17500,17498.7,50,17500,3650,650,10109200
NIFTY-I.NFO,03/01/2022,09:28:12,17498.7,17498.7,500,17500,3550,1350,10109200
NIFTY-I.NFO,03/01/2022,09:28:13,17499,17499,100,17500,3550,50,10109200
NIFTY-I.NFO,03/01/2022,09:28:14,17499.25,17499.25,450,17500,3250,1050,10109200
NIFTY-I.NFO,03/01/2022,09:28:15,17500,17499,100,17500,2550,700,10109200
NIFTY-I.NFO,03/01/2022,09:28:16,17499.7,17499,100,17499.9,1500,100,10109200
NIFTY-I.NFO,03/01/2022,09:28:17,17499.9,17499.25,50,17499.9,1050,600,10109200
NIFTY-I.NFO,03/01/2022,09:28:18,17499.9,17499.55,50,17499.9,750,300,10109200
NIFTY-I.NFO,03/01/2022,09:28:19,17501,17499.7,50,17501,2150,4450,10109200
NIFTY-I.NFO,03/01/2022,09:28:20,17499.25,17498.95,50,17499.25,50,250,10109200
NIFTY-I.NFO,03/01/2022,09:28:21,17499.9,17499.9,1300,17500.85,50,200,10109200
NIFTY-I.NFO,03/01/2022,09:28:22,17500,17499.9,1350,17501,1750,500,10109200
NIFTY-I.NFO,03/01/2022,09:28:23,17500,17500.85,850,17501,1850,550,10109200
NIFTY-I.NFO,03/01/2022,09:28:24,17500.95,17500.95,150,17501,1850,450,10109200
NIFTY-I.NFO,03/01/2022,09:28:25,17500.85,17500.85,550,17501,1600,450,10109200
NIFTY-I.NFO,03/01/2022,09:28:26,17501,17500.85,400,17501,1550,200,10109200
NIFTY-I.NFO,03/01/2022,09:28:27,17500.85,17500.85,200,17501,1400,350,10109200
NIFTY-I.NFO,03/01/2022,09:28:28,17499.45,17499,50,17500.4,50,1800,10109200
NIFTY-I.NFO,03/01/2022,09:28:29,17499.45,17499,50,17500.4,50,0,10109200
NIFTY-I.NFO,03/01/2022,09:28:30,17500.4,17499,100,17500.75,50,100,10109200
NIFTY-I.NFO,03/01/2022,09:28:31,17500.75,17499,100,17500.9,200,100,10109200
NIFTY-I.NFO,03/01/2022,09:28:32,17499.7,17499.7,200,17499.9,50,550,10109200
NIFTY-I.NFO,03/01/2022,09:28:33,17500.95,17499,150,17500.95,350,400,10109200
NIFTY-I.NFO,03/01/2022,09:28:34,17499.95,17499.9,50,17500,50,500,10109200
NIFTY-I.NFO,03/01/2022,09:28:35,17500,17499,150,17500.3,50,100,10109200
NIFTY-I.NFO,03/01/2022,09:28:36,17497.95,17497.8,400,17499,50,1950,10109200
NIFTY-I.NFO,03/01/2022,09:28:37,17499.8,17499,300,17499.8,300,550,10109200
NIFTY-I.NFO,03/01/2022,09:28:38,17500.4,17499,150,17500.6,100,800,10109200
NIFTY-I.NFO,03/01/2022,09:28:39,17500.4,17499,150,17500.6,100,0,10109200
NIFTY-I.NFO,03/01/2022,09:28:40,17499,17499,350,17500.3,50,100,10109200
NIFTY-I.NFO,03/01/2022,09:28:41,17496,17497.95,500,17498.6,50,450,10109200
NIFTY-I.NFO,03/01/2022,09:28:42,17497.95,17497.75,50,17499.15,250,1850,10109200
NIFTY-I.NFO,03/01/2022,09:28:43,17498.85,17496.55,50,17499.3,50,300,10109200
NIFTY-I.NFO,03/01/2022,09:28:44,17496.55,17495.25,50,17496.85,150,50,10109200
NIFTY-I.NFO,03/01/2022,09:28:45,17496.55,17495,350,17496.05,250,0,10109200
NIFTY-I.NFO,03/01/2022,09:28:46,17496.55,17495,450,17496.05,250,0,10109200
NIFTY-I.NFO,03/01/2022,09:28:47,17495,17494.5,150,17495.3,50,1000,10109200
NIFTY-I.NFO,03/01/2022,09:28:48,17495.2,17494.5,150,17495.3,50,200,10109200
NIFTY-I.NFO,03/01/2022,09:28:50,17492.3,17493.2,200,17495,150,500,10109200
NIFTY-I.NFO,03/01/2022,09:28:50,17492.3,17493.1,200,17495,150,0,10109200
NIFTY-I.NFO,03/01/2022,09:28:52,17496.7,17493.9,200,17496.8,50,700,10109200
NIFTY-I.NFO,03/01/2022,09:28:52,17497.25,17495.1,50,17498.05,50,450,10109200
NIFTY-I.NFO,03/01/2022,09:28:54,17496.45,17496.45,50,17498.3,150,250,10109200
NIFTY-I.NFO,03/01/2022,09:28:54,17496.45,17496.45,50,17498.3,150,0,10109200
NIFTY-I.NFO,03/01/2022,09:28:55,17496.15,17496.5,50,17498.15,100,450,10109200
NIFTY-I.NFO,03/01/2022,09:28:56,17496.15,17498.05,50,17499.5,150,0,10109200
NIFTY-I.NFO,03/01/2022,09:28:57,17497.25,17497.25,50,17499.6,50,250,10109200
NIFTY-I.NFO,03/01/2022,09:28:58,17499.2,17499.2,450,17499.9,50,50,10109200
NIFTY-I.NFO,03/01/2022,09:29:00,17500,17497.4,50,17499.95,200,450,10109200
NIFTY-I.NFO,03/01/2022,09:29:00,17500,17498.75,500,17499.55,50,0,10109200
NIFTY-I.NFO,03/01/2022,09:29:01,17498.2,17495.8,250,17498.2,50,500,10109200
NIFTY-I.NFO,03/01/2022,09:29:02,17498.2,17498.5,400,17498.9,50,150,10109200
NIFTY-I.NFO,03/01/2022,09:29:03,17500,17498.75,50,17500,1450,400,10109200
NIFTY-I.NFO,03/01/2022,09:29:04,17499.3,17498.4,250,17500,750,900,10109200
NIFTY-I.NFO,03/01/2022,09:29:05,17498.75,17498.55,50,17500,750,100,10109200
NIFTY-I.NFO,03/01/2022,09:29:06,17498.95,17499.35,50,17500,650,700,10109200
NIFTY-I.NFO,03/01/2022,09:29:07,17500,17500,50,17500.95,350,1100,10109200
NIFTY-I.NFO,03/01/2022,09:29:08,17500.95,17500.35,50,17500.95,150,350,10109200
NIFTY-I.NFO,03/01/2022,09:29:10,17500.95,17500.45,50,17501,1000,250,10109200
NIFTY-I.NFO,03/01/2022,09:29:10,17501,17500.55,50,17501,950,100,10109200
NIFTY-I.NFO,03/01/2022,09:29:11,17501.85,17501.05,50,17502,500,1200,10109200
NIFTY-I.NFO,03/01/2022,09:29:12,17502,17501.05,50,17501.8,500,150,10109200
NIFTY-I.NFO,03/01/2022,09:29:13,17501.1,17501.1,50,17501.8,450,200,10109200
NIFTY-I.NFO,03/01/2022,09:29:15,17501,17500.95,150,17501.8,250,600,10109200
NIFTY-I.NFO,03/01/2022,09:29:15,17500.95,17500.95,150,17501.8,250,50,10109200
NIFTY-I.NFO,03/01/2022,09:29:17,17501,17500.95,50,17501,500,300,10109200
NIFTY-I.NFO,03/01/2022,09:29:17,17501,17500.95,50,17501,500,0,10109200
NIFTY-I.NFO,03/01/2022,09:29:18,17501,17500.65,200,17501,450,200,10119700
NIFTY-I.NFO,03/01/2022,09:29:19,17501,17500.3,400,17501,400,50,10119700
NIFTY-I.NFO,03/01/2022,09:29:20,17500.3,17500.15,50,17500.95,50,650,10119700
NIFTY-I.NFO,03/01/2022,09:29:21,17500.6,17500.55,50,17501,50,350,10119700
NIFTY-I.NFO,03/01/2022,09:29:22,17500.35,17500.55,50,17501,100,350,10119700
NIFTY-I.NFO,03/01/2022,09:29:23,17501.8,17500.15,50,17501.7,150,450,10119700
NIFTY-I.NFO,03/01/2022,09:29:24,17500.05,17500.05,50,17501.95,200,300,10119700
NIFTY-I.NFO,03/01/2022,09:29:25,17501.95,17501,100,17501.95,50,50,10119700
NIFTY-I.NFO,03/01/2022,09:29:26,17500,17499.7,50,17501.15,50,450,10119700
NIFTY-I.NFO,03/01/2022,09:29:27,17500.5,17498.65,50,17500,50,100,10119700
NIFTY-I.NFO,03/01/2022,09:29:28,17499.75,17499.75,50,17500,50,50,10119700
NIFTY-I.NFO,03/01/2022,09:29:29,17500,17499.85,50,17501.7,150,150,10119700
NIFTY-I.NFO,03/01/2022,09:29:30,17500.75,17500.1,50,17501.4,50,50,10119700
NIFTY-I.NFO,03/01/2022,09:29:31,17500.75,17500.1,50,17501.4,50,0,10119700
NIFTY-I.NFO,03/01/2022,09:29:32,17502,17500.9,50,17502,500,200,10119700
NIFTY-I.NFO,03/01/2022,09:29:33,17502,17501.3,50,17502,450,100,10119700
NIFTY-I.NFO,03/01/2022,09:29:34,17501.75,17501.75,50,17502.55,50,650,10119700
NIFTY-I.NFO,03/01/2022,09:29:35,17501.75,17501.75,50,17502.55,50,150,10119700
NIFTY-I.NFO,03/01/2022,09:29:36,17502.05,17502.05,50,17502.55,50,50,10119700
NIFTY-I.NFO,03/01/2022,09:29:37,17502,17502,300,17502.55,50,100,10119700
NIFTY-I.NFO,03/01/2022,09:29:38,17502,17502,150,17502.55,50,150,10119700
NIFTY-I.NFO,03/01/2022,09:29:39,17502,17502,200,17502.55,50,50,10119700
NIFTY-I.NFO,03/01/2022,09:29:40,17506.45,17504.1,50,17506.65,50,14200,10119700
NIFTY-I.NFO,03/01/2022,09:29:41,17504.15,17504.1,100,17505,100,150,10119700
NIFTY-I.NFO,03/01/2022,09:29:42,17504.3,17504.1,100,17506.45,50,150,10119700
NIFTY-I.NFO,03/01/2022,09:29:43,17505,17504.1,100,17506.25,100,400,10119700
NIFTY-I.NFO,03/01/2022,09:29:44,17506.1,17504.1,100,17506,50,250,10119700
NIFTY-I.NFO,03/01/2022,09:29:45,17505.1,17502.65,50,17505.1,50,500,10119700
NIFTY-I.NFO,03/01/2022,09:29:46,17502.8,17502.55,100,17504.4,50,200,10119700
NIFTY-I.NFO,03/01/2022,09:29:47,17501.75,17501.05,200,17501.75,200,400,10119700
NIFTY-I.NFO,03/01/2022,09:29:48,17500.8,17500.55,100,17501.75,150,200,10119700
NIFTY-I.NFO,03/01/2022,09:29:49,17501.75,17500.9,250,17501.75,100,50,10119700
NIFTY-I.NFO,03/01/2022,09:29:50,17501.55,17501.9,100,17504.3,50,1300,10119700
NIFTY-I.NFO,03/01/2022,09:29:51,17501.55,17502.1,100,17504.35,100,0,10119700
NIFTY-I.NFO,03/01/2022,09:29:52,17502.5,17502.5,200,17504.35,150,50,10119700
NIFTY-I.NFO,03/01/2022,09:29:53,17502.5,17501.2,100,17503.45,100,0,10119700
NIFTY-I.NFO,03/01/2022,09:29:54,17503.45,17502.35,50,17504.25,150,50,10119700
NIFTY-I.NFO,03/01/2022,09:29:55,17503.1,17502.4,200,17505.25,50,1050,10119700
NIFTY-I.NFO,03/01/2022,09:29:56,17505.3,17502.45,300,17504.95,50,50,10119700
NIFTY-I.NFO,03/01/2022,09:29:57,17504.35,17504.35,1000,17505,50,500,10119700
NIFTY-I.NFO,03/01/2022,09:29:58,17504.35,17502.5,200,17504.95,150,1150,10119700
NIFTY-I.NFO,03/01/2022,09:29:59,17504.95,17502.5,200,17504.3,500,50,10119700
NIFTY-I.NFO,03/01/2022,09:30:00,17503.7,17502.75,100,17503.7,50,100,10119700
NIFTY-I.NFO,03/01/2022,09:30:01,17504.95,17504.1,50,17505.95,150,1050,10119700
NIFTY-I.NFO,03/01/2022,09:30:02,17505.85,17505.85,500,17506.2,50,1100,10119700
NIFTY-I.NFO,03/01/2022,09:30:03,17507.9,17505.85,250,17507.9,50,700,10119700
NIFTY-I.NFO,03/01/2022,09:30:04,17506.1,17506.05,400,17508,400,1500,10119700
NIFTY-I.NFO,03/01/2022,09:30:05,17506.1,17506.05,250,17508,400,300,10119700
NIFTY-I.NFO,03/01/2022,09:30:06,17508,17506.7,50,17508,250,200,10119700
NIFTY-I.NFO,03/01/2022,09:30:07,17506.8,17506.85,100,17508,100,500,10119700
NIFTY-I.NFO,03/01/2022,09:30:08,17509,17507.6,50,17509,200,850,10119700
NIFTY-I.NFO,03/01/2022,09:30:09,17509,17507.6,150,17509,50,200,10119700
NIFTY-I.NFO,03/01/2022,09:30:10,17509.4,17508.1,200,17509.55,100,550,10119700
NIFTY-I.NFO,03/01/2022,09:30:11,17509,17508.1,50,17509.45,50,600,10119700
NIFTY-I.NFO,03/01/2022,09:30:12,17508.1,17508.1,350,17509.65,50,750,10119700
NIFTY-I.NFO,03/01/2022,09:30:13,17510,17508.8,50,17510,1750,1750,10119700
NIFTY-I.NFO,03/01/2022,09:30:14,17508.5,17508.3,50,17510.95,50,2650,10119700
NIFTY-I.NFO,03/01/2022,09:30:15,17508.7,17508.65,50,17511.25,50,350,10119700
NIFTY-I.NFO,03/01/2022,09:30:16,17508.7,17508,50,17509,100,0,10119700
NIFTY-I.NFO,03/01/2022,09:30:17,17509,17508.45,50,17510.55,50,2050,10119700
NIFTY-I.NFO,03/01/2022,09:30:19,17508.15,17508,100,17508.7,100,1500,10119700
NIFTY-I.NFO,03/01/2022,09:30:19,17510,17510,3500,17510.8,50,650,10119700
NIFTY-I.NFO,03/01/2022,09:30:20,17512,17510,3500,17512,350,350,10119700
NIFTY-I.NFO,03/01/2022,09:30:22,17510,17510,3300,17512,250,300,10119700
NIFTY-I.NFO,03/01/2022,09:30:22,17510,17510,3200,17512,250,100,10119700
NIFTY-I.NFO,03/01/2022,09:30:23,17512,17510,3200,17512,150,150,10119700
NIFTY-I.NFO,03/01/2022,09:30:24,17506.65,17505.85,300,17507.65,50,4750,10119700
NIFTY-I.NFO,03/01/2022,09:30:25,17507.8,17505.6,50,17507.8,50,1950,10119700
NIFTY-I.NFO,03/01/2022,09:30:26,17507.8,17505.05,250,17507.75,50,450,10119700
NIFTY-I.NFO,03/01/2022,09:30:27,17507.65,17505,50,17506.65,50,2000,10119700
NIFTY-I.NFO,03/01/2022,09:30:28,17503.1,17503.1,50,17504.95,50,400,10119700
NIFTY-I.NFO,03/01/2022,09:30:30,17505.55,17502.8,50,17504.9,50,1800,10119700
NIFTY-I.NFO,03/01/2022,09:30:30,17505.6,17502.85,200,17506.05,100,50,10119700
NIFTY-I.NFO,03/01/2022,09:30:32,17506.7,17503.1,50,17505.9,50,800,10119700
NIFTY-I.NFO,03/01/2022,09:30:32,17503.55,17503.55,400,17505.9,50,50,10119700
NIFTY-I.NFO,03/01/2022,09:30:33,17505.3,17502.95,400,17505.4,50,200,10119700
NIFTY-I.NFO,03/01/2022,09:30:34,17505.3,17503,50,17505.4,50,0,10119700
NIFTY-I.NFO,03/01/2022,09:30:35,17506.3,17505.35,200,17507.6,100,300,10119700
NIFTY-I.NFO,03/01/2022,09:30:36,17504.15,17504.45,50,17507.15,50,100,10119700
NIFTY-I.NFO,03/01/2022,09:30:37,17507.7,17506.15,200,17508.75,50,300,10119700
NIFTY-I.NFO,03/01/2022,09:30:38,17507.7,17507.15,400,17509.95,100,0,10119700
NIFTY-I.NFO,03/01/2022,09:30:39,17508.85,17508.3,200,17510,100,250,10119700
NIFTY-I.NFO,03/01/2022,09:30:41,17509.9,17508.7,50,17510,250,100,10119700
NIFTY-I.NFO,03/01/2022,09:30:41,17509,17508.5,50,17510,200,150,10119700
NIFTY-I.NFO,03/01/2022,09:30:43,17508.3,17507.65,500,17509.75,50,100,10119700
NIFTY-I.NFO,03/01/2022,09:30:43,17509.55,17507.45,50,17509.95,100,50,10119700
NIFTY-I.NFO,03/01/2022,09:30:45,17507,17507,350,17509.5,50,550,10119700
NIFTY-I.NFO,03/01/2022,09:30:45,17507,17507,350,17509.5,100,0,10119700
NIFTY-I.NFO,03/01/2022,09:30:46,17509,17507.75,50,17509.9,50,400,10119700
NIFTY-I.NFO,03/01/2022,09:30:47,17510,17509.55,50,17510.55,100,400,10119700
NIFTY-I.NFO,03/01/2022,09:30:48,17507.85,17507.9,50,17510.5,50,150,10119700
NIFTY-I.NFO,03/01/2022,09:30:50,17508.8,17506.05,50,17508.65,200,600,10119700
NIFTY-I.NFO,03/01/2022,09:30:50,17507,17506.75,200,17509,100,600,10119700
NIFTY-I.NFO,03/01/2022,09:30:51,17509,17506.95,50,17509,50,100,10119700
NIFTY-I.NFO,03/01/2022,09:30:52,17509,17507.1,200,17509,50,0,10119700
NIFTY-I.NFO,03/01/2022,09:30:54,17508.9,17506.9,50,17508.95,50,50,10119700
NIFTY-I.NFO,03/01/2022,09:30:55,17508,17506.1,50,17507.1,100,100,10119700
NIFTY-I.NFO,03/01/2022,09:30:56,17505.05,17505.45,250,17507.5,50,550,10119700
NIFTY-I.NFO,03/01/2022,09:30:56,17506,17505.5,200,17507.5,100,400,10119700
NIFTY-I.NFO,03/01/2022,09:30:57,17507.5,17505.6,400,17507.5,50,50,10119700
NIFTY-I.NFO,03/01/2022,09:30:58,17507.5,17505.95,50,17507.5,50,50,10119700
NIFTY-I.NFO,03/01/2022,09:30:59,17507.5,17505.45,200,17507.9,50,50,10119700
NIFTY-I.NFO,03/01/2022,09:31:00,17507.95,17505.3,200,17507.45,50,100,10119700
NIFTY-I.NFO,03/01/2022,09:31:01,17505.35,17505,300,17506.5,50,100,10119700
NIFTY-I.NFO,03/01/2022,09:31:03,17505,17504,150,17505.95,50,300,10119700
NIFTY-I.NFO,03/01/2022,09:31:04,17503.2,17503,100,17503.2,100,450,10119700
NIFTY-I.NFO,03/01/2022,09:31:05,17502.65,17502.65,400,17504.5,50,400,10119700
NIFTY-I.NFO,03/01/2022,09:31:06,17505,17502.9,50,17504.4,50,800,10119700
NIFTY-I.NFO,03/01/2022,09:31:06,17504.4,17502.95,100,17505.35,50,50,10119700
NIFTY-I.NFO,03/01/2022,09:31:08,17502.1,17501.75,100,17504.5,50,850,10119700
NIFTY-I.NFO,03/01/2022,09:31:09,17501.8,17501.9,50,17504.4,100,2300,10119700
NIFTY-I.NFO,03/01/2022,09:31:09,17501.8,17502.35,50,17504.4,100,0,10119700
NIFTY-I.NFO,03/01/2022,09:31:10,17501.8,17501.8,100,17504.35,100,250,10119700
NIFTY-I.NFO,03/01/2022,09:31:11,17502.2,17502.35,250,17504,50,300,10119700
NIFTY-I.NFO,03/01/2022,09:31:12,17504.3,17501.75,100,17504.35,50,300,10119700
NIFTY-I.NFO,03/01/2022,09:31:13,17503.95,17501.25,50,17503.65,50,350,10119700
NIFTY-I.NFO,03/01/2022,09:31:14,17500,17500,500,17501.9,50,1250,10119700
NIFTY-I.NFO,03/01/2022,09:31:15,17498.15,17498.15,400,17500,50,750,10119700
NIFTY-I.NFO,03/01/2022,09:31:16,17495.9,17495.45,250,17496.7,100,1300,10119700
NIFTY-I.NFO,03/01/2022,09:31:18,17496.55,17495.1,100,17496.55,50,600,10119700
NIFTY-I.NFO,03/01/2022,09:31:19,17496.55,17493.6,50,17496.45,100,2800,10119700
NIFTY-I.NFO,03/01/2022,09:31:20,17497.75,17494.25,50,17497.55,50,3950,10119700
NIFTY-I.NFO,03/01/2022,09:31:21,17493.35,17493.4,50,17496.35,50,50,10119700
NIFTY-I.NFO,03/01/2022,09:31:22,17494.7,17494.65,50,17496.55,100,200,10119700
NIFTY-I.NFO,03/01/2022,09:31:23,17493.7,17493.2,500,17494.6,50,100,10119700
NIFTY-I.NFO,03/01/2022,09:31:24,17490.8,17491.25,50,17493.85,100,1400,10119700
NIFTY-I.NFO,03/01/2022,09:31:25,17491,17490.4,400,17493.3,50,100,10119700
NIFTY-I.NFO,03/01/2022,09:31:26,17490.2,17490.05,100,17493,200,800,10119700
NIFTY-I.NFO,03/01/2022,09:31:27,17490.3,17490.2,50,17491,800,200,10119700
NIFTY-I.NFO,03/01/2022,09:31:28,17491,17490.25,50,17491,200,650,10119700
NIFTY-I.NFO,03/01/2022,09:31:29,17490,17490,350,17490.45,100,850,10119700
NIFTY-I.NFO,03/01/2022,09:31:30,17491,17490.55,250,17493.4,50,400,10119700
NIFTY-I.NFO,03/01/2022,09:31:31,17493.5,17490.85,300,17493.45,50,50,10119700
NIFTY-I.NFO,03/01/2022,09:31:32,17491.4,17492.2,50,17494.45,50,300,10119700
NIFTY-I.NFO,03/01/2022,09:31:33,17493.6,17493.55,150,17495.45,150,700,10119700
NIFTY-I.NFO,03/01/2022,09:31:34,17493.6,17493.85,50,17495.45,150,50,10119700
NIFTY-I.NFO,03/01/2022,09:31:35,17493.25,17493.55,350,17495.45,150,750,10119700
NIFTY-I.NFO,03/01/2022,09:31:36,17496.15,17493.3,700,17495.45,150,2350,10119700
NIFTY-I.NFO,03/01/2022,09:31:37,17496.15,17494.2,800,17497.05,50,0,10119700
NIFTY-I.NFO,03/01/2022,09:31:38,17495.05,17495,50,17498.1,50,1150,10119700
NIFTY-I.NFO,03/01/2022,09:31:39,17498.25,17495.8,200,17499.15,200,2000,10119700
NIFTY-I.NFO,03/01/2022,09:31:40,17497.15,17497.6,200,17500,500,800,10119700
NIFTY-I.NFO,03/01/2022,09:31:41,17497.15,17498.15,550,17500,550,0,10119700
NIFTY-I.NFO,03/01/2022,09:31:42,17497.15,17499.05,500,17500,550,0,10119700
NIFTY-I.NFO,03/01/2022,09:31:43,17498,17497.35,50,17499.95,250,850,10119700
NIFTY-I.NFO,03/01/2022,09:31:44,17499.75,17497.65,50,17499.9,50,200,10119700
NIFTY-I.NFO,03/01/2022,09:31:45,17501.9,17500.25,50,17502.65,50,800,10119700
NIFTY-I.NFO,03/01/2022,09:31:46,17500.4,17500.35,50,17502.7,450,300,10119700
NIFTY-I.NFO,03/01/2022,09:31:47,17500.4,17500.35,50,17502.7,450,0,10119700
NIFTY-I.NFO,03/01/2022,09:31:48,17498.3,17498.2,100,17500,100,150,10119700
NIFTY-I.NFO,03/01/2022,09:31:49,17499.2,17499.2,50,17502.4,200,1350,10119700
NIFTY-I.NFO,03/01/2022,09:31:50,17500.25,17501.3,350,17501.9,50,100,10119700
NIFTY-I.NFO,03/01/2022,09:31:51,17501.3,17501.75,50,17504,550,700,10119700
NIFTY-I.NFO,03/01/2022,09:31:52,17504,17501.8,100,17504,500,100,10119700
NIFTY-I.NFO,03/01/2022,09:31:53,17502,17500.9,50,17503.75,50,250,10119700
NIFTY-I.NFO,03/01/2022,09:31:54,17503,17500.3,200,17503.15,50,350,10119700
NIFTY-I.NFO,03/01/2022,09:31:55,17500.45,17500.4,50,17503.15,50,100,10119700
NIFTY-I.NFO,03/01/2022,09:31:56,17497.9,17497.9,50,17500.7,50,350,10119700
NIFTY-I.NFO,03/01/2022,09:31:57,17499.75,17497.3,50,17499.85,50,100,10119700
NIFTY-I.NFO,03/01/2022,09:31:58,17499.75,17497.55,50,17500.5,50,0,10119700
NIFTY-I.NFO,03/01/2022,09:31:59,17499.75,17498.8,50,17499.85,50,0,10119700
NIFTY-I.NFO,03/01/2022,09:32:00,17499.75,17499,50,17500,50,150,10119700
NIFTY-I.NFO,03/01/2022,09:32:01,17497.5,17496.8,50,17499,50,150,10119700
NIFTY-I.NFO,03/01/2022,09:32:02,17497.5,17496.8,50,17498.95,200,0,10119700
NIFTY-I.NFO,03/01/2022,09:32:03,17496.35,17496,250,17497.65,100,150,10119700
NIFTY-I.NFO,03/01/2022,09:32:04,17496,17496,150,17497.4,100,450,10119700
NIFTY-I.NFO,03/01/2022,09:32:05,17496.8,17497.45,200,17500,600,950,10119700
NIFTY-I.NFO,03/01/2022,09:32:06,17498.5,17498.6,100,17500,650,150,10119700
NIFTY-I.NFO,03/01/2022,09:32:07,17498.6,17498.95,150,17499.8,250,50,10119700
NIFTY-I.NFO,03/01/2022,09:32:08,17499.75,17498.25,550,17499.8,250,100,10119700
NIFTY-I.NFO,03/01/2022,09:32:09,17497.2,17496.5,150,17499,50,200,10119700
NIFTY-I.NFO,03/01/2022,09:32:10,17497.2,17496.5,100,17498.95,50,0,10119700
NIFTY-I.NFO,03/01/2022,09:32:11,17496.65,17495.85,100,17498.7,400,350,10119700
NIFTY-I.NFO,03/01/2022,09:32:12,17498,17496.95,50,17498.7,250,100,10119700
NIFTY-I.NFO,03/01/2022,09:32:13,17498.5,17495.95,50,17497.35,50,300,10119700
NIFTY-I.NFO,03/01/2022,09:32:14,17496.3,17496.7,50,17497.35,50,150,10119700
NIFTY-I.NFO,03/01/2022,09:32:15,17496.15,17495.55,150,17496.95,1800,400,10119700
NIFTY-I.NFO,03/01/2022,09:32:16,17495.05,17495.15,250,17496.95,1200,650,10119700
NIFTY-I.NFO,03/01/2022,09:32:17,17495.75,17495.75,550,17496.95,1200,150,10119700
NIFTY-I.NFO,03/01/2022,09:32:18,17495.25,17495,200,17495.55,900,1000,10119700
NIFTY-I.NFO,03/01/2022,09:32:19,17495.05,17495,350,17495.55,850,100,10122550
NIFTY-I.NFO,03/01/2022,09:32:20,17495.55,17495.4,50,17496.95,1200,950,10122550
NIFTY-I.NFO,03/01/2022,09:32:21,17496.3,17496.1,50,17496.95,1200,50,10122550
NIFTY-I.NFO,03/01/2022,09:32:22,17495.6,17495.35,450,17498.3,50,1500,10122550
NIFTY-I.NFO,03/01/2022,09:32:23,17495.35,17495.35,50,17496.7,250,100,10122550
NIFTY-I.NFO,03/01/2022,09:32:24,17495.35,17495.6,450,17496.7,250,50,10122550
NIFTY-I.NFO,03/01/2022,09:32:25,17495.35,17495.6,450,17496.7,250,0,10122550
NIFTY-I.NFO,03/01/2022,09:32:26,17495,17496.3,50,17496.7,250,850,10122550
NIFTY-I.NFO,03/01/2022,09:32:27,17496.7,17496.7,50,17498,50,1350,10122550
NIFTY-I.NFO,03/01/2022,09:32:28,17496.1,17496,100,17497.95,50,50,10122550
NIFTY-I.NFO,03/01/2022,09:32:29,17496.65,17494.45,100,17496.65,200,800,10122550
NIFTY-I.NFO,03/01/2022,09:32:30,17494.4,17494.4,50,17496,200,200,10122550
NIFTY-I.NFO,03/01/2022,09:32:31,17494.4,17494.3,100,17495,50,300,10122550
NIFTY-I.NFO,03/01/2022,09:32:32,17494.45,17494.3,100,17495,50,550,10122550
NIFTY-I.NFO,03/01/2022,09:32:33,17495.4,17494,50,17496,200,100,10122550
NIFTY-I.NFO,03/01/2022,09:32:34,17495.4,17495.35,500,17496,200,0,10122550
NIFTY-I.NFO,03/01/2022,09:32:35,17494.7,17494,50,17494.7,650,1150,10122550
NIFTY-I.NFO,03/01/2022,09:32:36,17494.7,17494,50,17494.7,600,50,10122550
NIFTY-I.NFO,03/01/2022,09:32:37,17494.7,17494.15,350,17494.7,450,400,10122550
NIFTY-I.NFO,03/01/2022,09:32:38,17494.7,17494,150,17494.7,50,400,10122550
NIFTY-I.NFO,03/01/2022,09:32:39,17494.7,17494.6,50,17496,200,100,10122550
NIFTY-I.NFO,03/01/2022,09:32:40,17493,17492.65,100,17494.9,50,950,10122550
NIFTY-I.NFO,03/01/2022,09:32:41,17492.4,17492.9,50,17493.95,50,50,10122550
NIFTY-I.NFO,03/01/2022,09:32:42,17492.4,17492.9,50,17493.95,50,0,10122550
NIFTY-I.NFO,03/01/2022,09:32:43,17492.85,17492.85,350,17493.95,50,200,10122550
NIFTY-I.NFO,03/01/2022,09:32:43,17492.85,17492.85,350,17493.95,50,0,10122550
NIFTY-I.NFO,03/01/2022,09:32:44,17494.75,17492.75,50,17494.65,150,1050,10122550
NIFTY-I.NFO,03/01/2022,09:32:45,17492,17492.2,200,17494.75,50,400,10122550
NIFTY-I.NFO,03/01/2022,09:32:46,17491.95,17491.9,150,17492.9,50,50,10122550
NIFTY-I.NFO,03/01/2022,09:32:47,17491,17491,200,17492.6,100,750,10122550
NIFTY-I.NFO,03/01/2022,09:32:48,17492.65,17491,200,17492.65,150,200,10122550
NIFTY-I.NFO,03/01/2022,09:32:49,17491.2,17491,200,17492.65,150,200,10122550
NIFTY-I.NFO,03/01/2022,09:32:50,17491.15,17491.85,50,17492.85,1500,150,10122550
NIFTY-I.NFO,03/01/2022,09:32:51,17491.25,17492.2,250,17492.85,1500,600,10122550
NIFTY-I.NFO,03/01/2022,09:32:52,17492.85,17492.35,50,17492.85,800,700,10122550
NIFTY-I.NFO,03/01/2022,09:32:53,17491.85,17492.1,100,17492.85,350,2100,10122550
NIFTY-I.NFO,03/01/2022,09:32:54,17492.85,17492.1,50,17492.85,100,250,10122550
NIFTY-I.NFO,03/01/2022,09:32:55,17491.75,17491.75,100,17492.85,100,800,10122550
NIFTY-I.NFO,03/01/2022,09:32:56,17492.05,17491.75,50,17492.85,50,150,10122550
NIFTY-I.NFO,03/01/2022,09:32:57,17490.25,17490.25,50,17491.5,100,550,10122550
NIFTY-I.NFO,03/01/2022,09:32:58,17490,17490,200,17490.7,50,1550,10122550
NIFTY-I.NFO,03/01/2022,09:32:59,17488.95,17489.1,50,17490,350,600,10122550
NIFTY-I.NFO,03/01/2022,09:33:00,17490,17489.35,50,17490,350,250,10122550
NIFTY-I.NFO,03/01/2022,09:33:01,17488.6,17487.55,50,17489.15,150,1600,10122550
NIFTY-I.NFO,03/01/2022,09:33:02,17486.6,17486.7,100,17487.7,50,2250,10122550
NIFTY-I.NFO,03/01/2022,09:33:03,17487.3,17487.3,150,17489.85,150,950,10122550
NIFTY-I.NFO,03/01/2022,09:33:04,17489.9,17488.8,50,17490,1950,600,10122550
NIFTY-I.NFO,03/01/2022,09:33:05,17490,17490,250,17491.5,100,2150,10122550
NIFTY-I.NFO,03/01/2022,09:33:06,17489.95,17489.85,50,17490,50,50,10122550
NIFTY-I.NFO,03/01/2022,09:33:07,17488.4,17488.25,100,17490.75,50,250,10122550
NIFTY-I.NFO,03/01/2022,09:33:08,17488.35,17488.45,50,17491.35,50,500,10122550
NIFTY-I.NFO,03/01/2022,09:33:09,17488.35,17488.25,50,17490.7,50,0,10122550
NIFTY-I.NFO,03/01/2022,09:33:10,17488.55,17488.6,100,17490,150,100,10122550
NIFTY-I.NFO,03/01/2022,09:33:11,17488.55,17488.6,50,17490,150,0,10122550
NIFTY-I.NFO,03/01/2022,09:33:12,17488.25,17488.55,100,17490,200,500,10122550
NIFTY-I.NFO,03/01/2022,09:33:13,17489,17488.95,100,17490,250,100,10122550
NIFTY-I.NFO,03/01/2022,09:33:14,17488.15,17488.15,150,17489.35,50,50,10122550
NIFTY-I.NFO,03/01/2022,09:33:15,17489.35,17489.25,50,17490,400,50,10122550
NIFTY-I.NFO,03/01/2022,09:33:16,17490,17489.95,50,17491.25,50,600,10122550
NIFTY-I.NFO,03/01/2022,09:33:18,17491.5,17490.75,50,17491.75,50,300,10122550
NIFTY-I.NFO,03/01/2022,09:33:19,17492.1,17492.1,100,17494.95,50,750,10122550
NIFTY-I.NFO,03/01/2022,09:33:20,17492.05,17492,100,17494.95,50,800,10122550
NIFTY-I.NFO,03/01/2022,09:33:21,17492.05,17491.05,500,17493.5,50,0,10122550
NIFTY-I.NFO,03/01/2022,09:33:22,17491.05,17491.05,250,17492.25,50,250,10122550
NIFTY-I.NFO,03/01/2022,09:33:23,17491,17490.95,50,17492.8,300,500,10122550
NIFTY-I.NFO,03/01/2022,09:33:24,17490.95,17491.95,100,17494.25,50,300,10122550
NIFTY-I.NFO,03/01/2022,09:33:25,17491.05,17490.55,500,17493.25,150,200,10122550
NIFTY-I.NFO,03/01/2022,09:33:26,17491.05,17491.2,50,17493.6,150,0,10122550
NIFTY-I.NFO,03/01/2022,09:33:27,17491.05,17492.35,500,17493.6,150,0,10122550
NIFTY-I.NFO,03/01/2022,09:33:28,17495,17493.75,50,17495.65,150,800,10122550
NIFTY-I.NFO,03/01/2022,09:33:29,17493.75,17493.75,100,17494.65,50,650,10122550
NIFTY-I.NFO,03/01/2022,09:33:30,17493.75,17493.75,50,17495,950,50,10122550
NIFTY-I.NFO,03/01/2022,09:33:31,17493.2,17491.9,550,17494.6,100,550,10122550
NIFTY-I.NFO,03/01/2022,09:33:32,17492.9,17493.15,50,17495,950,50,10122550
NIFTY-I.NFO,03/01/2022,09:33:33,17492,17491.7,50,17494.15,50,50,10122550
NIFTY-I.NFO,03/01/2022,09:33:34,17493.7,17491.5,50,17494.3,50,100,10122550
NIFTY-I.NFO,03/01/2022,09:33:35,17491.05,17490.15,50,17492.05,150,550,10122550
NIFTY-I.NFO,03/01/2022,09:33:36,17490.15,17490,300,17490.7,50,50,10122550
NIFTY-I.NFO,03/01/2022,09:33:37,17492.15,17490.7,200,17491.7,50,350,10122550
NIFTY-I.NFO,03/01/2022,09:33:38,17492.15,17491.2,500,17492,50,0,10122550
NIFTY-I.NFO,03/01/2022,09:33:39,17492,17491.95,50,17493.75,50,1100,10122550
NIFTY-I.NFO,03/01/2022,09:33:40,17494,17492.15,150,17494,1150,250,10122550
NIFTY-I.NFO,03/01/2022,09:33:41,17491.4,17491.35,200,17494,1350,1300,10122550
NIFTY-I.NFO,03/01/2022,09:33:42,17491.65,17491.45,50,17493.85,50,100,10122550
NIFTY-I.NFO,03/01/2022,09:33:43,17491.65,17491.35,100,17493.65,50,0,10122550
NIFTY-I.NFO,03/01/2022,09:33:44,17490.7,17490.45,150,17493.05,100,250,10122550
NIFTY-I.NFO,03/01/2022,09:33:45,17490.7,17491.85,50,17493.1,200,0,10122550
NIFTY-I.NFO,03/01/2022,09:33:46,17491.85,17491.85,200,17493.1,200,50,10122550
NIFTY-I.NFO,03/01/2022,09:33:47,17491.85,17491.85,200,17493.1,200,0,10122550
NIFTY-I.NFO,03/01/2022,09:33:48,17491.95,17491.85,200,17493.1,200,50,10122550
NIFTY-I.NFO,03/01/2022,09:33:49,17493.95,17493.2,50,17494,1350,250,10122550
NIFTY-I.NFO,03/01/2022,09:33:50,17493.35,17493.2,200,17494,1050,350,10122550
NIFTY-I.NFO,03/01/2022,09:33:51,17493.2,17492.15,100,17493.95,50,200,10122550
NIFTY-I.NFO,03/01/2022,09:33:52,17493.2,17492.75,100,17494,1050,0,10122550
NIFTY-I.NFO,03/01/2022,09:33:53,17493.2,17492.7,100,17493.2,500,0,10122550
NIFTY-I.NFO,03/01/2022,09:33:54,17492,17491.1,100,17493.2,550,150,10122550
NIFTY-I.NFO,03/01/2022,09:33:55,17491.85,17493,50,17493.2,600,50,10122550
NIFTY-I.NFO,03/01/2022,09:33:56,17492.15,17490.95,100,17492.15,350,450,10122550
NIFTY-I.NFO,03/01/2022,09:33:57,17492.15,17490,600,17492.15,300,50,10122550
NIFTY-I.NFO,03/01/2022,09:33:58,17490.9,17490.8,500,17492.15,300,350,10122550
NIFTY-I.NFO,03/01/2022,09:33:59,17492.15,17491.2,500,17492.15,200,100,10122550
NIFTY-I.NFO,03/01/2022,09:34:00,17490.1,17490.1,300,17492.1,200,400,10122550
NIFTY-I.NFO,03/01/2022,09:34:01,17489.7,17488.7,50,17491.1,300,950,10122550
NIFTY-I.NFO,03/01/2022,09:34:02,17488.25,17488.2,50,17489.2,50,250,10122550
NIFTY-I.NFO,03/01/2022,09:34:03,17486.85,17486.85,550,17487.7,100,900,10122550
NIFTY-I.NFO,03/01/2022,09:34:04,17486.5,17486.55,50,17487.2,150,1100,10122550
NIFTY-I.NFO,03/01/2022,09:34:05,17486.6,17486.6,300,17487.2,100,500,10122550
NIFTY-I.NFO,03/01/2022,09:34:06,17484.3,17484.3,100,17485.2,150,4550,10122550
NIFTY-I.NFO,03/01/2022,09:34:07,17485.45,17485.45,150,17485.7,50,2350,10122550
NIFTY-I.NFO,03/01/2022,09:34:08,17485.95,17486.2,100,17488.2,100,300,10122550
NIFTY-I.NFO,03/01/2022,09:34:09,17486.9,17487,50,17488,850,200,10122550
NIFTY-I.NFO,03/01/2022,09:34:10,17488.2,17488.2,350,17488.7,50,950,10122550
NIFTY-I.NFO,03/01/2022,09:34:11,17487,17487.15,300,17489.55,50,650,10122550
NIFTY-I.NFO,03/01/2022,09:34:12,17486.25,17486.1,250,17486.6,100,750,10122550
NIFTY-I.NFO,03/01/2022,09:34:13,17486.85,17486.6,400,17487.2,50,300,10122550
NIFTY-I.NFO,03/01/2022,09:34:14,17487.2,17486.65,150,17488.2,50,700,10122550
NIFTY-I.NFO,03/01/2022,09:34:15,17485.2,17485.3,50,17485.7,50,1500,10122550
NIFTY-I.NFO,03/01/2022,09:34:16,17485.55,17485.55,200,17486.5,200,250,10122550
NIFTY-I.NFO,03/01/2022,09:34:17,17486.6,17486.4,200,17488,300,700,10122550
NIFTY-I.NFO,03/01/2022,09:34:17,17486.9,17487.2,50,17487.7,100,450,10122550
NIFTY-I.NFO,03/01/2022,09:34:18,17486.65,17486.3,100,17486.65,1250,600,10122550
NIFTY-I.NFO,03/01/2022,09:34:19,17487,17486.6,50,17487,100,1550,10122550
NIFTY-I.NFO,03/01/2022,09:34:20,17486.5,17486.9,100,17487.7,50,300,10122550
NIFTY-I.NFO,03/01/2022,09:34:21,17487.7,17487.25,100,17487.7,50,700,10122550
NIFTY-I.NFO,03/01/2022,09:34:22,17485.75,17485.7,100,17486.2,50,1550,10122550
NIFTY-I.NFO,03/01/2022,09:34:23,17487,17486,50,17487,50,1400,10122550
NIFTY-I.NFO,03/01/2022,09:34:24,17485.85,17485.5,100,17486.5,50,1150,10122550
NIFTY-I.NFO,03/01/2022,09:34:25,17485.35,17485.35,150,17486.6,50,750,10122550
NIFTY-I.NFO,03/01/2022,09:34:26,17486.65,17486.8,100,17487.2,100,500,10122550
NIFTY-I.NFO,03/01/2022,09:34:27,17487.2,17486.95,150,17487.7,100,100,10122550
NIFTY-I.NFO,03/01/2022,09:34:28,17487.7,17486.95,50,17487.7,50,1250,10122550
NIFTY-I.NFO,03/01/2022,09:34:29,17487.35,17487.15,200,17487.7,50,150,10122550
NIFTY-I.NFO,03/01/2022,09:34:30,17486.7,17486.55,100,17487.2,50,650,10122550
NIFTY-I.NFO,03/01/2022,09:34:31,17485.7,17485.4,100,17486.2,50,950,10122550
NIFTY-I.NFO,03/01/2022,09:34:32,17485.7,17485.5,900,17486.2,50,450,10122550
NIFTY-I.NFO,03/01/2022,09:34:33,17483.95,17484.05,50,17484.5,50,2850,10122550
NIFTY-I.NFO,03/01/2022,09:34:34,17483.65,17483.7,50,17484.1,50,900,10122550
NIFTY-I.NFO,03/01/2022,09:34:35,17484.05,17484.3,100,17485,50,950,10122550
NIFTY-I.NFO,03/01/2022,09:34:36,17485.2,17485.3,50,17486.1,50,450,10122550
NIFTY-I.NFO,03/01/2022,09:34:37,17487.7,17485.85,50,17488.35,50,1150,10122550
NIFTY-I.NFO,03/01/2022,09:34:38,17486.7,17486.5,50,17486.6,150,1050,10122550
NIFTY-I.NFO,03/01/2022,09:34:39,17486.05,17486.1,50,17487.1,50,3500,10122550
NIFTY-I.NFO,03/01/2022,09:34:40,17487.1,17486.35,50,17486.55,100,400,10122550
NIFTY-I.NFO,03/01/2022,09:34:41,17485.75,17485.75,150,17486.6,50,1150,10122550
NIFTY-I.NFO,03/01/2022,09:34:42,17485.9,17485.85,150,17486.6,50,950,10122550
NIFTY-I.NFO,03/01/2022,09:34:43,17490,17487.7,50,17490.75,200,1900,10122550
NIFTY-I.NFO,03/01/2022,09:34:44,17489.1,17488.15,50,17489.1,50,2000,10122550
NIFTY-I.NFO,03/01/2022,09:34:45,17490.7,17488.6,50,17490.7,150,550,10122550
NIFTY-I.NFO,03/01/2022,09:34:46,17489.6,17489.4,50,17490.95,50,700,10122550
NIFTY-I.NFO,03/01/2022,09:34:47,17489.8,17489.65,50,17490.95,50,100,10122550
NIFTY-I.NFO,03/01/2022,09:34:48,17491.5,17491.4,50,17492.15,50,1450,10122550
NIFTY-I.NFO,03/01/2022,09:34:49,17493.95,17492.35,50,17494,50,700,10122550
NIFTY-I.NFO,03/01/2022,09:34:50,17494.2,17492.95,50,17494.4,100,400,10122550
NIFTY-I.NFO,03/01/2022,09:34:51,17495,17495.05,50,17496,150,1900,10122550
NIFTY-I.NFO,03/01/2022,09:34:52,17494.3,17493.35,50,17495,250,400,10122550
NIFTY-I.NFO,03/01/2022,09:34:53,17493.35,17492.55,100,17494.6,200,50,10122550
NIFTY-I.NFO,03/01/2022,09:34:54,17493,17492.3,100,17495,100,650,10122550
NIFTY-I.NFO,03/01/2022,09:34:55,17493,17492.95,50,17495,50,0,10122550
NIFTY-I.NFO,03/01/2022,09:34:56,17495,17494.6,50,17496,50,50,10122550
NIFTY-I.NFO,03/01/2022,09:34:57,17493.8,17493.9,50,17495.95,50,250,10122550
NIFTY-I.NFO,03/01/2022,09:34:58,17495.85,17493.5,50,17495.9,50,1550,10122550
NIFTY-I.NFO,03/01/2022,09:34:59,17494.55,17494.95,50,17495.9,50,50,10122550
NIFTY-I.NFO,03/01/2022,09:35:00,17495.35,17495.15,50,17496.7,500,800,10122550
NIFTY-I.NFO,03/01/2022,09:35:01,17496.15,17495.85,50,17498.35,50,950,10122550
NIFTY-I.NFO,03/01/2022,09:35:02,17497.4,17497.3,50,17499,250,400,10122550
NIFTY-I.NFO,03/01/2022,09:35:03,17496.45,17496.75,50,17499,250,750,10122550
NIFTY-I.NFO,03/01/2022,09:35:04,17497.2,17497.85,50,17499,150,450,10122550
NIFTY-I.NFO,03/01/2022,09:35:05,17496.9,17496.9,100,17499,100,650,10122550
NIFTY-I.NFO,03/01/2022,09:35:06,17499,17497,50,17499,50,150,10122550
NIFTY-I.NFO,03/01/2022,09:35:07,17499.1,17498,50,17499.1,100,200,10122550
NIFTY-I.NFO,03/01/2022,09:35:08,17499,17499.05,50,17499.8,100,250,10122550
NIFTY-I.NFO,03/01/2022,09:35:09,17500,17500.05,50,17500.9,50,1150,10122550
NIFTY-I.NFO,03/01/2022,09:35:10,17499.8,17499.8,500,17500,50,700,10122550
NIFTY-I.NFO,03/01/2022,09:35:11,17496.95,17497.05,50,17498,50,950,10122550
NIFTY-I.NFO,03/01/2022,09:35:12,17499.6,17498.25,200,17500,50,150,10122550
NIFTY-I.NFO,03/01/2022,09:35:13,17500,17498.9,100,17500,50,50,10122550
NIFTY-I.NFO,03/01/2022,09:35:14,17500,17500.25,200,17501.95,50,50,10122550
NIFTY-I.NFO,03/01/2022,09:35:15,17500,17500.25,50,17501,50,0,10122550
NIFTY-I.NFO,03/01/2022,09:35:16,17500,17499.05,50,17500.2,200,850,10122550
NIFTY-I.NFO,03/01/2022,09:35:17,17497.45,17497.45,150,17499.55,50,100,10122550
NIFTY-I.NFO,03/01/2022,09:35:18,17498.65,17496.65,50,17496.9,200,100,10122550
NIFTY-I.NFO,03/01/2022,09:35:19,17497.35,17497.4,50,17499.6,50,500,10122550
NIFTY-I.NFO,03/01/2022,09:35:20,17499,17497.75,100,17499,50,50,10092600
NIFTY-I.NFO,03/01/2022,09:35:21,17495.75,17495.75,100,17497.7,150,1000,10092600
NIFTY-I.NFO,03/01/2022,09:35:22,17495.75,17496.25,100,17497.7,150,0,10092600
NIFTY-I.NFO,03/01/2022,09:35:23,17497.7,17497.65,50,17498.5,50,150,10092600
NIFTY-I.NFO,03/01/2022,09:35:24,17497.65,17497.85,100,17499,150,50,10092600
NIFTY-I.NFO,03/01/2022,09:35:25,17497.5,17496.8,100,17499,100,1750,10092600
NIFTY-I.NFO,03/01/2022,09:35:26,17497.25,17497.1,50,17499,50,150,10092600
NIFTY-I.NFO,03/01/2022,09:35:27,17497.25,17497.95,50,17499,50,0,10092600
NIFTY-I.NFO,03/01/2022,09:35:28,17497.25,17498.55,50,17499,100,0,10092600
NIFTY-I.NFO,03/01/2022,09:35:29,17499,17499.4,400,17500,450,600,10092600
NIFTY-I.NFO,03/01/2022,09:35:30,17499,17499,50,17500,500,0,10092600
NIFTY-I.NFO,03/01/2022,09:35:31,17500,17498.7,250,17500,450,150,10092600
NIFTY-I.NFO,03/01/2022,09:35:32,17498.85,17498.95,100,17500,450,100,10092600
NIFTY-I.NFO,03/01/2022,09:35:33,17500,17499,50,17500,350,100,10092600
NIFTY-I.NFO,03/01/2022,09:35:34,17498.95,17498.7,50,17500.25,450,650,10092600
NIFTY-I.NFO,03/01/2022,09:35:35,17499.4,17499.3,50,17499.4,250,250,10092600
NIFTY-I.NFO,03/01/2022,09:35:36,17499.2,17499,50,17499.4,250,150,10092600
NIFTY-I.NFO,03/01/2022,09:35:37,17499.2,17498.95,50,17499.3,500,0,10092600
NIFTY-I.NFO,03/01/2022,09:35:38,17499.2,17499.15,200,17499.3,500,0,10092600
NIFTY-I.NFO,03/01/2022,09:35:39,17498.75,17497.45,50,17498.7,100,650,10092600
NIFTY-I.NFO,03/01/2022,09:35:40,17498.7,17497.75,50,17499,50,100,10092600
NIFTY-I.NFO,03/01/2022,09:35:41,17498.7,17498.55,150,17499,50,0,10092600
NIFTY-I.NFO,03/01/2022,09:35:42,17499,17498.85,100,17499,200,100,10092600
NIFTY-I.NFO,03/01/2022,09:35:43,17497.75,17497.65,1000,17497.75,250,300,10092600
NIFTY-I.NFO,03/01/2022,09:35:44,17497.8,17497.75,750,17499.15,500,450,10092600
NIFTY-I.NFO,03/01/2022,09:35:45,17498.6,17498.45,100,17499.15,500,50,10092600
NIFTY-I.NFO,03/01/2022,09:35:46,17498.05,17498,50,17499.15,500,600,10092600
NIFTY-I.NFO,03/01/2022,09:35:47,17499.15,17498.2,50,17498.75,100,100,10092600
