Ticker,Date,Time,LTP,BuyPrice,BuyQty,SellPrice,SellQty,LTQ,OpenInterest
NIFTY-III.NFO,03/01/2022,09:15:18,17545,17545.65,200,17554,200,50,63200
NIFTY-III.NFO,03/01/2022,09:15:18,17545,17545.65,200,17554,200,0,63200
NIFTY-III.NFO,03/01/2022,09:15:18,17545,17545.65,200,17554,200,0,63200
NIFTY-III.NFO,03/01/2022,09:15:18,17545,17545.65,200,17554,200,0,63200
NIFTY-III.NFO,03/01/2022,09:15:19,17545,17539.9,200,17549.75,200,0,63200
NIFTY-III.NFO,03/01/2022,09:15:20,17545,17545.35,200,17553.5,200,0,63200
NIFTY-III.NFO,03/01/2022,09:15:21,17545,17545.15,200,17555.85,200,0,63200
NIFTY-III.NFO,03/01/2022,09:15:22,17545.95,17545.95,300,17555.85,200,50,63200
NIFTY-III.NFO,03/01/2022,09:15:22,17545.95,17545.95,300,17555.85,200,0,63200
NIFTY-III.NFO,03/01/2022,09:15:23,17546.75,17548.8,100,17555.75,200,50,63200
NIFTY-III.NFO,03/01/2022,09:15:23,17546.75,17548.8,100,17555.75,200,0,63200
NIFTY-III.NFO,03/01/2022,09:15:24,17546.45,17546.45,50,17557.4,200,50,63200
NIFTY-III.NFO,03/01/2022,09:15:25,17546.45,17547.75,50,17550,50,0,63200
NIFTY-III.NFO,03/01/2022,09:15:26,17547.75,17546.35,50,17550,50,50,63200
NIFTY-III.NFO,03/01/2022,09:15:26,17547.75,17546.35,50,17550,50,0,63200
NIFTY-III.NFO,03/01/2022,09:15:27,17547.75,17543.95,50,17549.9,200,0,63200
NIFTY-III.NFO,03/01/2022,09:15:28,17547.75,17541.55,50,17545.9,200,0,63200
NIFTY-III.NFO,03/01/2022,09:15:29,17547.75,17540.35,50,17545.9,200,0,63200
NIFTY-III.NFO,03/01/2022,09:15:30,17547.75,17538.55,50,17545.8,200,0,63200
NIFTY-III.NFO,03/01/2022,09:15:31,17544.55,17533.1,50,17542,200,50,63200
NIFTY-III.NFO,03/01/2022,09:15:31,17544.55,17533.1,50,17542,200,0,63200
NIFTY-III.NFO,03/01/2022,09:15:32,17544.55,17535.5,100,17543.25,200,0,63200
NIFTY-III.NFO,03/01/2022,09:15:33,17544.55,17535.55,50,17543.25,200,0,63200
NIFTY-III.NFO,03/01/2022,09:15:34,17544.55,17534.3,50,17543.15,200,0,63200
NIFTY-III.NFO,03/01/2022,09:15:35,17544.55,17537.55,50,17545.8,200,0,63200
NIFTY-III.NFO,03/01/2022,09:15:36,17544.55,17536.45,50,17545.6,200,0,63200
NIFTY-III.NFO,03/01/2022,09:15:37,17544.55,17538.2,50,17545.5,200,0,63200
NIFTY-III.NFO,03/01/2022,09:15:38,17544.55,17538.65,50,17545.4,200,0,63200
NIFTY-III.NFO,03/01/2022,09:15:39,17544.55,17539,50,17545.3,200,0,63200
NIFTY-III.NFO,03/01/2022,09:15:40,17544.55,17538.4,50,17545.2,200,0,63200
NIFTY-III.NFO,03/01/2022,09:15:41,17544.55,17538.7,50,17545.1,200,0,63200
NIFTY-III.NFO,03/01/2022,09:15:42,17544.55,17538.75,50,17544.8,200,0,63200
NIFTY-III.NFO,03/01/2022,09:15:43,17544.55,17539.1,150,17544.5,200,0,63200
NIFTY-III.NFO,03/01/2022,09:15:44,17543.75,17538.4,50,17544.5,200,50,63200
NIFTY-III.NFO,03/01/2022,09:15:44,17543.75,17538.4,50,17544.5,200,0,63200
NIFTY-III.NFO,03/01/2022,09:15:45,17540,17540.25,50,17544.55,50,50,63200
NIFTY-III.NFO,03/01/2022,09:15:45,17540,17540.25,50,17544.55,50,0,63200
NIFTY-III.NFO,03/01/2022,09:15:46,17540,17541.4,50,17544.55,50,0,63200
NIFTY-III.NFO,03/01/2022,09:15:47,17540,17542,50,17544.55,50,0,63200
NIFTY-III.NFO,03/01/2022,09:15:48,17540,17541.1,50,17544.55,50,0,63200
NIFTY-III.NFO,03/01/2022,09:15:49,17540,17542.2,100,17544.55,50,0,63200
NIFTY-III.NFO,03/01/2022,09:15:50,17540,17542.3,50,17544.55,50,0,63200
NIFTY-III.NFO,03/01/2022,09:15:51,17540,17542.25,50,17544.55,50,0,63200
NIFTY-III.NFO,03/01/2022,09:15:52,17540,17541.65,50,17544.55,50,0,63200
NIFTY-III.NFO,03/01/2022,09:15:54,17541.95,17542.9,50,17545,50,50,63200
NIFTY-III.NFO,03/01/2022,09:15:55,17541.95,17542.9,50,17545,50,0,63200
NIFTY-III.NFO,03/01/2022,09:15:56,17541.95,17542.3,50,17545,50,0,63200
NIFTY-III.NFO,03/01/2022,09:15:58,17541.95,17543.35,50,17545,50,0,63200
NIFTY-III.NFO,03/01/2022,09:15:59,17541.95,17541.3,50,17545,50,0,63200
NIFTY-III.NFO,03/01/2022,09:16:00,17541.95,17541.65,100,17545,50,0,63200
NIFTY-III.NFO,03/01/2022,09:16:01,17541.95,17543.6,50,17545,50,0,63200
NIFTY-III.NFO,03/01/2022,09:16:02,17541.95,17544.4,50,17545,50,0,63200
NIFTY-III.NFO,03/01/2022,09:16:03,17541.95,17544.6,100,17545,50,0,63200
NIFTY-III.NFO,03/01/2022,09:16:04,17541.95,17544.9,100,17545,50,0,63200
NIFTY-III.NFO,03/01/2022,09:16:05,17545,17546.15,50,17549,50,50,63200
NIFTY-III.NFO,03/01/2022,09:16:06,17545,17546.4,50,17549,50,0,63200
NIFTY-III.NFO,03/01/2022,09:16:08,17545,17546.45,50,17549,50,0,63200
NIFTY-III.NFO,03/01/2022,09:16:09,17545,17547.75,50,17549,50,0,63200
NIFTY-III.NFO,03/01/2022,09:16:10,17545,17548.2,50,17549,50,0,63200
NIFTY-III.NFO,03/01/2022,09:16:11,17545,17548.95,50,17550,50,0,63200
NIFTY-III.NFO,03/01/2022,09:16:12,17545,17549.4,50,17550,50,0,63200
NIFTY-III.NFO,03/01/2022,09:16:13,17545,17549.2,100,17550,50,0,63200
NIFTY-III.NFO,03/01/2022,09:16:14,17545,17549.25,50,17550,50,0,63200
NIFTY-III.NFO,03/01/2022,09:16:15,17545,17549.65,50,17550,50,0,63200
NIFTY-III.NFO,03/01/2022,09:16:16,17550,17550.65,100,17555,50,50,63200
NIFTY-III.NFO,03/01/2022,09:16:16,17550,17550.65,100,17555,50,0,63200
NIFTY-III.NFO,03/01/2022,09:16:17,17550,17551.5,100,17555,50,0,63200
NIFTY-III.NFO,03/01/2022,09:16:18,17550,17552.25,100,17555,50,0,63200
NIFTY-III.NFO,03/01/2022,09:16:19,17550,17552.35,100,17555,50,0,63200
NIFTY-III.NFO,03/01/2022,09:16:20,17550,17552.7,50,17555,50,0,63200
NIFTY-III.NFO,03/01/2022,09:16:21,17550,17553.15,100,17555,50,600,63200
NIFTY-III.NFO,03/01/2022,09:16:21,17553.1,17553.15,100,17555,50,0,63200
NIFTY-III.NFO,03/01/2022,09:16:22,17550,17554.5,150,17555,50,0,63200
NIFTY-III.NFO,03/01/2022,09:16:23,17555,17555.6,100,17558,50,100,63200
NIFTY-III.NFO,03/01/2022,09:16:23,17555,17555.6,100,17558,50,0,63200
NIFTY-III.NFO,03/01/2022,09:16:24,17555,17556.1,100,17558,50,0,63200
NIFTY-III.NFO,03/01/2022,09:16:26,17555,17557.15,100,17558,50,0,63200
NIFTY-III.NFO,03/01/2022,09:16:27,17555,17556.55,100,17558,50,0,63200
NIFTY-III.NFO,03/01/2022,09:16:28,17555,17556.7,100,17558,50,0,63200
NIFTY-III.NFO,03/01/2022,09:16:29,17556.65,17557,100,17558,50,50,63200
NIFTY-III.NFO,03/01/2022,09:16:29,17556.65,17557,100,17558,50,0,63200
NIFTY-III.NFO,03/01/2022,09:16:30,17558.25,17558.5,100,17562.6,200,100,63200
NIFTY-III.NFO,03/01/2022,09:16:30,17558.25,17558.5,100,17562.6,200,0,63200
NIFTY-III.NFO,03/01/2022,09:16:31,17558.25,17558.5,100,17562.25,50,0,63200
NIFTY-III.NFO,03/01/2022,09:16:32,17558.25,17559.4,100,17562.25,50,0,63200
NIFTY-III.NFO,03/01/2022,09:16:33,17558.25,17559.75,100,17562.25,50,0,63200
NIFTY-III.NFO,03/01/2022,09:16:34,17558.25,17560.45,100,17562.25,50,0,63200
NIFTY-III.NFO,03/01/2022,09:16:35,17560.85,17560.85,50,17562.25,50,50,63200
NIFTY-III.NFO,03/01/2022,09:16:35,17560.85,17560.85,50,17562.25,50,0,63200
NIFTY-III.NFO,03/01/2022,09:16:36,17560.85,17560.6,100,17564.8,50,0,63200
NIFTY-III.NFO,03/01/2022,09:16:37,17560.85,17560.6,100,17564.3,50,0,63200
NIFTY-III.NFO,03/01/2022,09:16:38,17560.85,17561.7,100,17565.6,50,0,63200
NIFTY-III.NFO,03/01/2022,09:16:39,17560.85,17561.9,50,17565.6,50,0,63200
NIFTY-III.NFO,03/01/2022,09:16:40,17560.85,17562.5,100,17565.9,50,0,63200
NIFTY-III.NFO,03/01/2022,09:16:41,17561.9,17562.95,100,17565.95,50,250,63200
NIFTY-III.NFO,03/01/2022,09:16:41,17562.95,17562.95,100,17565.95,50,0,63200
NIFTY-III.NFO,03/01/2022,09:16:42,17561.9,17563.2,100,17565.9,50,0,63200
NIFTY-III.NFO,03/01/2022,09:16:43,17561.9,17563.25,100,17565.95,50,0,63200
NIFTY-III.NFO,03/01/2022,09:16:44,17564.05,17564.3,100,17565.95,50,100,63200
NIFTY-III.NFO,03/01/2022,09:16:44,17564.05,17564.3,100,17565.95,50,0,63200
NIFTY-III.NFO,03/01/2022,09:16:45,17564.05,17565.85,100,17565.95,50,0,63200
NIFTY-III.NFO,03/01/2022,09:16:46,17565.95,17565.6,50,17570.05,200,50,63200
NIFTY-III.NFO,03/01/2022,09:16:46,17565.95,17565.6,50,17570.05,200,0,63200
NIFTY-III.NFO,03/01/2022,09:16:47,17565.6,17565.3,100,17568.45,50,50,63200
NIFTY-III.NFO,03/01/2022,09:16:48,17565.6,17565.3,100,17569.15,50,0,63200
NIFTY-III.NFO,03/01/2022,09:16:50,17569.15,17564.7,50,17568.95,200,50,63200
NIFTY-III.NFO,03/01/2022,09:16:50,17569.15,17564.7,50,17568.95,200,0,63200
NIFTY-III.NFO,03/01/2022,09:16:51,17569.15,17565,100,17568.65,50,0,63200
NIFTY-III.NFO,03/01/2022,09:16:52,17565.95,17565,100,17565.95,50,50,63200
NIFTY-III.NFO,03/01/2022,09:16:53,17565.95,17565,100,17568.55,50,50,63200
NIFTY-III.NFO,03/01/2022,09:16:54,17565.95,17565.2,100,17569.25,50,0,63200
NIFTY-III.NFO,03/01/2022,09:16:55,17565.95,17565.2,100,17569.6,50,0,63200
NIFTY-III.NFO,03/01/2022,09:16:56,17565.95,17565.2,100,17569.25,50,0,63200
NIFTY-III.NFO,03/01/2022,09:16:57,17565.95,17565,200,17568,50,0,63200
NIFTY-III.NFO,03/01/2022,09:16:58,17565.95,17565,200,17568.05,50,0,63200
NIFTY-III.NFO,03/01/2022,09:16:59,17565,17565,100,17567.75,50,100,63200
NIFTY-III.NFO,03/01/2022,09:17:00,17565,17565,100,17567.05,50,0,63200
NIFTY-III.NFO,03/01/2022,09:17:01,17565,17561.95,50,17566.25,100,100,63200
NIFTY-III.NFO,03/01/2022,09:17:02,17565,17561.8,100,17567.1,200,0,63200
NIFTY-III.NFO,03/01/2022,09:17:03,17565,17562.2,50,17566.45,50,0,63200
NIFTY-III.NFO,03/01/2022,09:17:04,17565,17561.8,100,17567.55,200,0,63200
NIFTY-III.NFO,03/01/2022,09:17:05,17565,17561.8,50,17565.45,200,0,63200
NIFTY-III.NFO,03/01/2022,09:17:06,17565,17561.95,50,17565.35,200,0,63200
NIFTY-III.NFO,03/01/2022,09:17:07,17565,17563.05,50,17566.25,200,0,63200
NIFTY-III.NFO,03/01/2022,09:17:08,17562.85,17562.65,100,17566.35,200,50,63200
NIFTY-III.NFO,03/01/2022,09:17:09,17562.85,17564.55,100,17568.2,50,0,63200
NIFTY-III.NFO,03/01/2022,09:17:10,17565,17564.5,50,17568.05,200,100,63200
NIFTY-III.NFO,03/01/2022,09:17:11,17565,17564.15,100,17568,50,100,63200
NIFTY-III.NFO,03/01/2022,09:17:12,17565,17564.15,100,17568.95,200,0,63200
NIFTY-III.NFO,03/01/2022,09:17:13,17565,17564.15,100,17565,50,0,63200
NIFTY-III.NFO,03/01/2022,09:17:14,17565,17565.1,50,17569,50,50,63200
NIFTY-III.NFO,03/01/2022,09:17:15,17565,17567.35,50,17569,50,0,63200
NIFTY-III.NFO,03/01/2022,09:17:16,17567.4,17567.3,50,17569,50,50,63200
NIFTY-III.NFO,03/01/2022,09:17:17,17567.4,17568.1,100,17569,50,0,62900
NIFTY-III.NFO,03/01/2022,09:17:18,17567.4,17568.55,50,17569,50,0,62900
NIFTY-III.NFO,03/01/2022,09:17:19,17570,17568.65,50,17575.85,200,150,62900
NIFTY-III.NFO,03/01/2022,09:17:19,17570,17568.65,50,17575.85,200,0,62900
NIFTY-III.NFO,03/01/2022,09:17:20,17570,17568.65,50,17575.75,200,0,62900
NIFTY-III.NFO,03/01/2022,09:17:21,17570,17568.65,50,17575.1,200,0,62900
NIFTY-III.NFO,03/01/2022,09:17:24,17570,17568.65,50,17575.65,200,0,62900
NIFTY-III.NFO,03/01/2022,09:17:25,17570,17569.95,50,17578.95,200,0,62900
NIFTY-III.NFO,03/01/2022,09:17:26,17570,17569.95,50,17578.05,200,0,62900
NIFTY-III.NFO,03/01/2022,09:17:27,17570,17570.6,250,17577.1,50,0,62900
NIFTY-III.NFO,03/01/2022,09:17:28,17570,17570.75,250,17577,50,0,62900
NIFTY-III.NFO,03/01/2022,09:17:29,17570,17570.85,250,17577,50,0,62900
NIFTY-III.NFO,03/01/2022,09:17:30,17570,17571.8,100,17579.7,200,0,62900
NIFTY-III.NFO,03/01/2022,09:17:31,17570,17571.65,50,17578.8,200,0,62900
NIFTY-III.NFO,03/01/2022,09:17:32,17570,17571.65,50,17578.7,200,0,62900
NIFTY-III.NFO,03/01/2022,09:17:33,17570,17571.65,50,17577.9,200,0,62900
NIFTY-III.NFO,03/01/2022,09:17:34,17570,17570,100,17573.95,200,0,62900
NIFTY-III.NFO,03/01/2022,09:17:35,17570,17570,100,17575.65,200,0,62900
NIFTY-III.NFO,03/01/2022,09:17:37,17570,17570,50,17575.55,200,50,62900
NIFTY-III.NFO,03/01/2022,09:17:37,17570,17570,50,17575.55,200,0,62900
NIFTY-III.NFO,03/01/2022,09:17:38,17570,17570,50,17573.95,200,0,62900
NIFTY-III.NFO,03/01/2022,09:17:39,17570,17570,50,17571.95,200,0,62900
NIFTY-III.NFO,03/01/2022,09:17:40,17570,17570,50,17573.5,200,0,62900
NIFTY-III.NFO,03/01/2022,09:17:41,17570,17570,50,17570.75,200,0,62900
NIFTY-III.NFO,03/01/2022,09:17:42,17570,17565.35,50,17569.05,200,50,62900
NIFTY-III.NFO,03/01/2022,09:17:44,17568.95,17564.15,50,17568.1,200,50,62900
NIFTY-III.NFO,03/01/2022,09:17:44,17568.95,17564.2,50,17567.75,200,0,62900
NIFTY-III.NFO,03/01/2022,09:17:45,17568.95,17563.6,50,17566.65,100,0,62900
NIFTY-III.NFO,03/01/2022,09:17:46,17568.95,17563.6,50,17567.15,200,0,62900
NIFTY-III.NFO,03/01/2022,09:17:47,17563.6,17564.15,250,17570.85,100,50,62900
NIFTY-III.NFO,03/01/2022,09:17:48,17563.6,17564.6,250,17571.3,100,0,62900
NIFTY-III.NFO,03/01/2022,09:17:49,17563.6,17565.4,50,17571.7,200,0,62900
NIFTY-III.NFO,03/01/2022,09:17:51,17565.4,17566.55,250,17573.15,100,50,62900
NIFTY-III.NFO,03/01/2022,09:17:51,17565.4,17566.45,50,17573.1,100,0,62900
NIFTY-III.NFO,03/01/2022,09:17:52,17565.4,17567.85,250,17574.6,200,0,62900
NIFTY-III.NFO,03/01/2022,09:17:53,17565.4,17568.3,250,17575.65,300,0,62900
NIFTY-III.NFO,03/01/2022,09:17:54,17567.85,17568.75,150,17575.75,200,150,62900
NIFTY-III.NFO,03/01/2022,09:17:55,17567.85,17569.55,150,17575.75,200,0,62900
NIFTY-III.NFO,03/01/2022,09:17:56,17567.85,17570,150,17577.05,200,0,62900
NIFTY-III.NFO,03/01/2022,09:17:57,17567.85,17569.65,150,17576.85,200,0,62900
NIFTY-III.NFO,03/01/2022,09:17:59,17567.85,17567.65,100,17574.65,200,50,62900
NIFTY-III.NFO,03/01/2022,09:17:59,17567.85,17567.25,100,17574.6,200,0,62900
NIFTY-III.NFO,03/01/2022,09:18:00,17567.85,17569.2,100,17574.8,50,0,62900
NIFTY-III.NFO,03/01/2022,09:18:01,17567.85,17570.85,100,17576.75,50,0,62900
NIFTY-III.NFO,03/01/2022,09:18:02,17570.05,17570.1,100,17576.7,200,200,62900
NIFTY-III.NFO,03/01/2022,09:18:02,17570.8,17570.1,100,17576.7,200,0,62900
NIFTY-III.NFO,03/01/2022,09:18:03,17569.25,17569.25,50,17576.7,200,150,62900
NIFTY-III.NFO,03/01/2022,09:18:04,17569.25,17567.85,50,17575.05,200,0,62900
NIFTY-III.NFO,03/01/2022,09:18:06,17569.25,17568.3,50,17575.4,200,0,62900
NIFTY-III.NFO,03/01/2022,09:18:06,17569.25,17568.3,50,17575.25,200,0,62900
NIFTY-III.NFO,03/01/2022,09:18:07,17569.25,17569.65,50,17577.1,200,0,62900
NIFTY-III.NFO,03/01/2022,09:18:08,17569.25,17571.2,50,17577.4,200,0,62900
NIFTY-III.NFO,03/01/2022,09:18:09,17569.25,17569.6,150,17577.5,200,0,62900
NIFTY-III.NFO,03/01/2022,09:18:10,17569.25,17572.65,50,17577,50,0,62900
NIFTY-III.NFO,03/01/2022,09:18:12,17569.25,17572.6,50,17577,50,0,62900
NIFTY-III.NFO,03/01/2022,09:18:12,17569.25,17571.75,100,17577,50,0,62900
NIFTY-III.NFO,03/01/2022,09:18:13,17569.25,17570.7,150,17576.95,200,0,62900
NIFTY-III.NFO,03/01/2022,09:18:14,17569.25,17571.8,100,17577,50,0,62900
NIFTY-III.NFO,03/01/2022,09:18:15,17569.25,17572.4,100,17577,50,0,62900
NIFTY-III.NFO,03/01/2022,09:18:16,17569.25,17572.1,50,17577,50,0,62900
NIFTY-III.NFO,03/01/2022,09:18:18,17569.25,17571,100,17577,50,0,62900
NIFTY-III.NFO,03/01/2022,09:18:19,17569.25,17572.1,100,17575,50,0,62900
NIFTY-III.NFO,03/01/2022,09:18:20,17569.25,17571.1,50,17575,50,0,62900
NIFTY-III.NFO,03/01/2022,09:18:21,17569.25,17569.95,100,17575,50,0,62900
NIFTY-III.NFO,03/01/2022,09:18:22,17569.25,17569.8,150,17575,50,0,62900
NIFTY-III.NFO,03/01/2022,09:18:23,17569.25,17570.1,50,17575,50,0,62900
NIFTY-III.NFO,03/01/2022,09:18:24,17569.25,17570.8,150,17575,50,0,62900
NIFTY-III.NFO,03/01/2022,09:18:25,17569.25,17572.95,100,17575,50,0,62900
NIFTY-III.NFO,03/01/2022,09:18:26,17569.25,17572.9,150,17575,50,0,62900
NIFTY-III.NFO,03/01/2022,09:18:27,17569.25,17571.9,100,17575,50,0,62900
NIFTY-III.NFO,03/01/2022,09:18:28,17569.25,17573.25,100,17575,50,0,62900
NIFTY-III.NFO,03/01/2022,09:18:29,17569.25,17571.45,150,17575,50,0,62900
NIFTY-III.NFO,03/01/2022,09:18:30,17575,17572.8,100,17577,50,300,62900
NIFTY-III.NFO,03/01/2022,09:18:30,17575,17572.8,100,17577,50,0,62900
NIFTY-III.NFO,03/01/2022,09:18:31,17575,17572.6,100,17577,50,0,62900
NIFTY-III.NFO,03/01/2022,09:18:32,17575,17572.9,100,17577,50,0,62900
NIFTY-III.NFO,03/01/2022,09:18:33,17575,17572.6,50,17577,50,0,62900
NIFTY-III.NFO,03/01/2022,09:18:34,17575,17573,100,17577,50,0,62900
NIFTY-III.NFO,03/01/2022,09:18:35,17575,17573.2,100,17577,50,0,62900
NIFTY-III.NFO,03/01/2022,09:18:35,17575,17573.7,100,17577,50,0,62900
NIFTY-III.NFO,03/01/2022,09:18:36,17575,17572.95,100,17577,50,0,62900
NIFTY-III.NFO,03/01/2022,09:18:37,17569.25,17571.55,100,17577,50,300,62900
NIFTY-III.NFO,03/01/2022,09:18:38,17569.25,17571.6,50,17577,50,0,62900
NIFTY-III.NFO,03/01/2022,09:18:39,17569.25,17571.65,50,17577,50,0,62900
NIFTY-III.NFO,03/01/2022,09:18:40,17569.25,17571.7,50,17577,50,0,62900
NIFTY-III.NFO,03/01/2022,09:18:41,17569.25,17571.95,50,17577,50,0,62900
NIFTY-III.NFO,03/01/2022,09:18:42,17569.25,17571.6,50,17577,50,0,62900
NIFTY-III.NFO,03/01/2022,09:18:43,17571.6,17571.65,100,17577,50,50,62900
NIFTY-III.NFO,03/01/2022,09:18:44,17571.6,17572.15,100,17577,50,0,62900
NIFTY-III.NFO,03/01/2022,09:18:45,17571.6,17572.25,100,17577,50,0,62900
NIFTY-III.NFO,03/01/2022,09:18:46,17571.6,17575,50,17577,50,0,62900
NIFTY-III.NFO,03/01/2022,09:18:52,17574.25,17574.3,50,17577,50,100,62900
NIFTY-III.NFO,03/01/2022,09:18:53,17574.25,17575.45,50,17577,50,0,62900
NIFTY-III.NFO,03/01/2022,09:18:54,17577,17576.1,50,17581.95,200,50,62900
NIFTY-III.NFO,03/01/2022,09:18:54,17577,17576.1,50,17581.95,200,0,62900
NIFTY-III.NFO,03/01/2022,09:18:55,17577,17576.65,50,17581.95,200,0,62900
NIFTY-III.NFO,03/01/2022,09:18:56,17577,17577.3,50,17581.95,200,0,62900
NIFTY-III.NFO,03/01/2022,09:18:58,17577,17575.45,50,17581.95,200,0,62900
NIFTY-III.NFO,03/01/2022,09:18:59,17577,17578.1,50,17581.85,200,0,62900
NIFTY-III.NFO,03/01/2022,09:19:00,17577,17578.55,100,17581.9,100,0,62900
NIFTY-III.NFO,03/01/2022,09:19:01,17577,17578.95,50,17581.95,200,0,62900
NIFTY-III.NFO,03/01/2022,09:19:02,17577,17578.45,50,17581.95,200,0,62900
NIFTY-III.NFO,03/01/2022,09:19:03,17577,17576.65,50,17581.95,200,0,62900
NIFTY-III.NFO,03/01/2022,09:19:04,17577,17577.85,50,17581.95,200,0,62900
NIFTY-III.NFO,03/01/2022,09:19:05,17577,17578.6,50,17581.95,200,0,62900
NIFTY-III.NFO,03/01/2022,09:19:06,17581.95,17579.25,50,17582,100,50,62900
NIFTY-III.NFO,03/01/2022,09:19:06,17581.95,17579.25,50,17582,100,0,62900
NIFTY-III.NFO,03/01/2022,09:19:07,17581.95,17579.5,50,17582,100,0,62900
NIFTY-III.NFO,03/01/2022,09:19:08,17581.95,17579.65,50,17582,100,0,62900
NIFTY-III.NFO,03/01/2022,09:19:09,17581.95,17579.55,100,17582,100,0,62900
NIFTY-III.NFO,03/01/2022,09:19:10,17581.95,17579.6,50,17582,100,0,62900
NIFTY-III.NFO,03/01/2022,09:19:12,17580.25,17580.25,50,17584.45,200,50,62900
NIFTY-III.NFO,03/01/2022,09:19:13,17580.25,17579.85,50,17584.45,200,0,62900
NIFTY-III.NFO,03/01/2022,09:19:14,17580.25,17580.9,50,17585,50,0,62900
NIFTY-III.NFO,03/01/2022,09:19:15,17580.25,17581.4,50,17585,100,0,62900
NIFTY-III.NFO,03/01/2022,09:19:16,17580.25,17581.35,100,17585,100,0,62900
NIFTY-III.NFO,03/01/2022,09:19:17,17580.25,17581.65,100,17585,100,0,62900
NIFTY-III.NFO,03/01/2022,09:19:18,17585,17582.85,50,17587.4,200,100,62900
NIFTY-III.NFO,03/01/2022,09:19:18,17585,17582.85,50,17587.4,200,0,62900
NIFTY-III.NFO,03/01/2022,09:19:19,17585,17583.5,50,17587.4,200,0,62900
NIFTY-III.NFO,03/01/2022,09:19:20,17585,17583.55,50,17587.4,200,0,62900
NIFTY-III.NFO,03/01/2022,09:19:21,17585,17583.6,50,17587.4,200,0,62900
NIFTY-III.NFO,03/01/2022,09:19:22,17585,17583.85,50,17588.65,200,0,62900
NIFTY-III.NFO,03/01/2022,09:19:23,17585,17584.15,50,17588.7,50,0,62900
NIFTY-III.NFO,03/01/2022,09:19:24,17585,17583.75,50,17588.65,200,0,62900
NIFTY-III.NFO,03/01/2022,09:19:25,17585,17583.5,50,17588.65,200,0,62900
NIFTY-III.NFO,03/01/2022,09:19:26,17585,17583.55,50,17588.65,200,0,62900
NIFTY-III.NFO,03/01/2022,09:19:27,17585,17583.7,50,17588.65,200,0,62900
NIFTY-III.NFO,03/01/2022,09:19:28,17585,17584.2,50,17588.55,200,0,62900
NIFTY-III.NFO,03/01/2022,09:19:29,17585,17583.9,50,17588.65,200,0,62900
NIFTY-III.NFO,03/01/2022,09:19:30,17585,17583.75,50,17588.65,200,0,62900
NIFTY-III.NFO,03/01/2022,09:19:31,17585,17583,50,17588.65,200,0,62900
NIFTY-III.NFO,03/01/2022,09:19:32,17585,17585,50,17588.65,200,0,62900
NIFTY-III.NFO,03/01/2022,09:19:36,17585,17585,50,17587.45,200,0,62900
NIFTY-III.NFO,03/01/2022,09:19:37,17585,17583.5,50,17587.45,200,100,62900
NIFTY-III.NFO,03/01/2022,09:19:38,17585,17583.65,50,17585,50,0,62900
NIFTY-III.NFO,03/01/2022,09:19:40,17585,17587.45,1450,17587.5,100,50,62900
NIFTY-III.NFO,03/01/2022,09:19:41,17585,17587.45,1450,17587.5,100,0,62900
NIFTY-III.NFO,03/01/2022,09:19:46,17587.45,17587.45,1400,17588.7,50,50,62900
NIFTY-III.NFO,03/01/2022,09:19:46,17587.45,17587.45,1400,17588.7,50,0,62900
NIFTY-III.NFO,03/01/2022,09:19:47,17587.45,17587.45,1400,17588.7,50,0,62900
NIFTY-III.NFO,03/01/2022,09:19:49,17587.45,17587.45,200,17588.65,200,0,62900
NIFTY-III.NFO,03/01/2022,09:19:50,17587.45,17587.45,200,17588.7,50,0,62900
NIFTY-III.NFO,03/01/2022,09:19:52,17587.45,17587.45,200,17588.45,100,0,62900
NIFTY-III.NFO,03/01/2022,09:19:53,17587.45,17585.2,50,17588.45,100,0,62900
NIFTY-III.NFO,03/01/2022,09:19:54,17587.45,17585.4,50,17588.45,100,0,62900
NIFTY-III.NFO,03/01/2022,09:19:55,17587.45,17587,50,17588.45,100,0,62900
NIFTY-III.NFO,03/01/2022,09:19:56,17588.05,17588.25,100,17588.7,50,100,62900
NIFTY-III.NFO,03/01/2022,09:19:56,17588.05,17588.25,100,17588.7,50,0,62900
NIFTY-III.NFO,03/01/2022,09:19:57,17588.7,17588.9,100,17590,150,50,62900
NIFTY-III.NFO,03/01/2022,09:19:57,17588.7,17588.9,100,17590,150,0,62900
NIFTY-III.NFO,03/01/2022,09:19:58,17588.7,17588.95,100,17590,150,0,62900
NIFTY-III.NFO,03/01/2022,09:19:59,17588.7,17585,200,17589.95,200,0,62900
NIFTY-III.NFO,03/01/2022,09:20:00,17590,17586.65,50,17594.95,200,150,62900
NIFTY-III.NFO,03/01/2022,09:20:00,17590,17586.65,50,17594.95,200,0,62900
NIFTY-III.NFO,03/01/2022,09:20:01,17590,17588.9,100,17597.15,200,0,62900
NIFTY-III.NFO,03/01/2022,09:20:02,17590,17588.6,100,17597.3,200,0,62900
NIFTY-III.NFO,03/01/2022,09:20:03,17590,17587.85,100,17596.25,200,0,62900
NIFTY-III.NFO,03/01/2022,09:20:04,17590,17589.45,100,17597.45,200,0,62900
NIFTY-III.NFO,03/01/2022,09:20:05,17590,17589.9,50,17597.45,200,0,62900
NIFTY-III.NFO,03/01/2022,09:20:06,17590,17589.6,50,17597.45,200,0,62900
NIFTY-III.NFO,03/01/2022,09:20:07,17590.1,17590.05,50,17595.95,200,100,62900
NIFTY-III.NFO,03/01/2022,09:20:07,17590.1,17590.05,50,17595.95,200,0,62900
NIFTY-III.NFO,03/01/2022,09:20:08,17590.1,17590.1,100,17595.95,200,0,62900
NIFTY-III.NFO,03/01/2022,09:20:09,17590.1,17590,50,17595.95,350,0,62900
NIFTY-III.NFO,03/01/2022,09:20:10,17590.1,17590,50,17595.4,200,0,62900
NIFTY-III.NFO,03/01/2022,09:20:11,17590.1,17590,50,17595.95,200,0,62900
NIFTY-III.NFO,03/01/2022,09:20:12,17590.1,17590,50,17594.5,200,0,62900
NIFTY-III.NFO,03/01/2022,09:20:13,17590.1,17590,50,17595.4,200,0,62900
NIFTY-III.NFO,03/01/2022,09:20:14,17590.1,17590.1,50,17595.05,200,0,62900
NIFTY-III.NFO,03/01/2022,09:20:15,17590.1,17590.1,50,17593.05,200,0,62900
NIFTY-III.NFO,03/01/2022,09:20:16,17590.1,17590.1,50,17594.6,200,0,62900
NIFTY-III.NFO,03/01/2022,09:20:17,17590.1,17590.1,50,17594.05,300,0,62900
NIFTY-III.NFO,03/01/2022,09:20:18,17590.1,17590.1,50,17593.3,200,0,62900
NIFTY-III.NFO,03/01/2022,09:20:19,17590.1,17590.1,50,17593.2,300,0,62900
NIFTY-III.NFO,03/01/2022,09:20:20,17590.1,17590.1,50,17592.8,200,0,62900
NIFTY-III.NFO,03/01/2022,09:20:21,17590.1,17590.1,50,17593,200,0,62900
NIFTY-III.NFO,03/01/2022,09:20:22,17590.1,17590,50,17593.45,200,50,62350
NIFTY-III.NFO,03/01/2022,09:20:23,17590.1,17590,50,17593.25,200,0,62350
NIFTY-III.NFO,03/01/2022,09:20:24,17590,17588,100,17593.8,200,50,62350
NIFTY-III.NFO,03/01/2022,09:20:25,17590,17588,100,17594.1,200,0,62350
NIFTY-III.NFO,03/01/2022,09:20:26,17590,17588,100,17593.3,200,0,62350
NIFTY-III.NFO,03/01/2022,09:20:27,17590,17588,100,17593.45,200,0,62350
NIFTY-III.NFO,03/01/2022,09:20:28,17590,17590,50,17593.45,200,0,62350
NIFTY-III.NFO,03/01/2022,09:20:29,17590,17590,50,17593.25,200,0,62350
NIFTY-III.NFO,03/01/2022,09:20:30,17590,17590,50,17592.9,200,0,62350
NIFTY-III.NFO,03/01/2022,09:20:31,17590,17590,50,17593.55,200,0,62350
NIFTY-III.NFO,03/01/2022,09:20:32,17590,17590,50,17593.95,200,0,62350
NIFTY-III.NFO,03/01/2022,09:20:33,17590,17590,50,17593,200,0,62350
NIFTY-III.NFO,03/01/2022,09:20:39,17590,17590.75,100,17593.05,100,0,62350
NIFTY-III.NFO,03/01/2022,09:20:40,17590,17592.1,100,17593.05,100,0,62350
NIFTY-III.NFO,03/01/2022,09:20:41,17590,17592.95,100,17593.05,100,0,62350
NIFTY-III.NFO,03/01/2022,09:20:42,17593.05,17593.5,50,17595.25,100,100,62350
NIFTY-III.NFO,03/01/2022,09:20:42,17593.05,17593.5,50,17595.25,100,0,62350
NIFTY-III.NFO,03/01/2022,09:20:43,17594.55,17592.8,50,17598.45,200,50,62350
NIFTY-III.NFO,03/01/2022,09:20:43,17594.55,17592.8,50,17598.45,200,0,62350
NIFTY-III.NFO,03/01/2022,09:20:44,17594.55,17592.8,150,17598.45,200,0,62350
NIFTY-III.NFO,03/01/2022,09:20:45,17594.55,17590.3,100,17598.45,200,0,62350
NIFTY-III.NFO,03/01/2022,09:20:46,17594.55,17590,100,17596.95,200,0,62350
NIFTY-III.NFO,03/01/2022,09:20:47,17594.55,17595,50,17596.7,200,0,62350
NIFTY-III.NFO,03/01/2022,09:20:48,17594.55,17595,50,17596.75,200,0,62350
NIFTY-III.NFO,03/01/2022,09:20:49,17594.55,17595,50,17597.15,200,0,62350
NIFTY-III.NFO,03/01/2022,09:20:50,17594.55,17595,50,17598.35,200,0,62350
NIFTY-III.NFO,03/01/2022,09:20:51,17594.55,17595,50,17597.75,200,0,62350
NIFTY-III.NFO,03/01/2022,09:20:52,17594.55,17595,50,17597.55,200,0,62350
NIFTY-III.NFO,03/01/2022,09:20:53,17594.55,17595,100,17597.15,200,0,62350
NIFTY-III.NFO,03/01/2022,09:20:54,17595,17590.75,100,17598.25,200,100,62350
NIFTY-III.NFO,03/01/2022,09:20:54,17595,17590.75,100,17598.25,200,0,62350
NIFTY-III.NFO,03/01/2022,09:20:55,17595,17590.8,150,17598.45,200,0,62350
NIFTY-III.NFO,03/01/2022,09:20:56,17595,17594,50,17598.45,200,0,62350
NIFTY-III.NFO,03/01/2022,09:20:59,17595,17594,50,17597.1,200,0,62350
NIFTY-III.NFO,03/01/2022,09:21:00,17595,17594,50,17598.35,200,0,62350
NIFTY-III.NFO,03/01/2022,09:21:01,17594,17591.7,50,17594,50,50,62350
NIFTY-III.NFO,03/01/2022,09:21:02,17594,17591.8,50,17594,50,0,62350
NIFTY-III.NFO,03/01/2022,09:21:03,17594,17591.75,150,17594,50,0,62350
NIFTY-III.NFO,03/01/2022,09:21:04,17594,17591.6,150,17594,50,0,62350
NIFTY-III.NFO,03/01/2022,09:21:05,17594,17591,50,17593.95,200,0,62350
NIFTY-III.NFO,03/01/2022,09:21:06,17587.9,17590.9,150,17594,50,500,62350
NIFTY-III.NFO,03/01/2022,09:21:07,17587.9,17591.6,150,17594,50,0,62350
NIFTY-III.NFO,03/01/2022,09:21:08,17587.9,17588.6,150,17593.95,200,0,62350
NIFTY-III.NFO,03/01/2022,09:21:09,17587.9,17586.35,50,17593.95,200,0,62350
NIFTY-III.NFO,03/01/2022,09:21:10,17587.9,17587.1,150,17593.3,200,0,62350
NIFTY-III.NFO,03/01/2022,09:21:11,17587.9,17586.8,50,17593.2,200,0,62350
NIFTY-III.NFO,03/01/2022,09:21:13,17587.9,17583.1,50,17589.8,200,0,62350
NIFTY-III.NFO,03/01/2022,09:21:14,17587.9,17581.75,100,17588.35,200,0,62350
NIFTY-III.NFO,03/01/2022,09:21:15,17586.85,17581,50,17585.35,200,50,62350
NIFTY-III.NFO,03/01/2022,09:21:16,17586.85,17581,50,17582.65,200,0,62350
NIFTY-III.NFO,03/01/2022,09:21:17,17581,17577.05,50,17580.45,200,50,62350
NIFTY-III.NFO,03/01/2022,09:21:18,17579.5,17577.05,50,17581.4,200,50,62350
NIFTY-III.NFO,03/01/2022,09:21:19,17579.5,17579.45,50,17585.7,200,0,62350
NIFTY-III.NFO,03/01/2022,09:21:20,17579.5,17579.65,50,17584.7,200,0,62350
NIFTY-III.NFO,03/01/2022,09:21:21,17579.5,17579.4,50,17585.7,200,0,62350
NIFTY-III.NFO,03/01/2022,09:21:22,17580,17580.05,50,17586.2,200,50,62350
NIFTY-III.NFO,03/01/2022,09:21:23,17580.05,17581.75,50,17587.3,200,50,62350
NIFTY-III.NFO,03/01/2022,09:21:24,17580.05,17582.25,50,17587.65,200,0,62350
NIFTY-III.NFO,03/01/2022,09:21:25,17580.05,17583.8,50,17589.2,200,0,62350
NIFTY-III.NFO,03/01/2022,09:21:26,17580.05,17584.65,50,17590.35,200,0,62350
NIFTY-III.NFO,03/01/2022,09:21:27,17580.05,17584.75,50,17590.35,200,0,62350
NIFTY-III.NFO,03/01/2022,09:21:28,17580.05,17584.5,50,17590.3,200,0,62350
NIFTY-III.NFO,03/01/2022,09:21:29,17580.05,17583.6,50,17589.55,200,0,62350
NIFTY-III.NFO,03/01/2022,09:21:30,17580.05,17585.2,50,17590.9,200,0,62350
NIFTY-III.NFO,03/01/2022,09:21:31,17580.05,17582.75,50,17588.95,200,0,62350
NIFTY-III.NFO,03/01/2022,09:21:32,17580.05,17584.8,50,17588.95,200,0,62350
NIFTY-III.NFO,03/01/2022,09:21:33,17580.05,17585.75,50,17588.95,200,0,62350
NIFTY-III.NFO,03/01/2022,09:21:34,17580.05,17584.8,50,17588.95,200,0,62350
NIFTY-III.NFO,03/01/2022,09:21:35,17580.05,17585.45,50,17588.95,200,0,62350
NIFTY-III.NFO,03/01/2022,09:21:36,17580.05,17587.2,50,17589,100,0,62350
NIFTY-III.NFO,03/01/2022,09:21:37,17580.05,17586.1,50,17588.95,200,0,62350
NIFTY-III.NFO,03/01/2022,09:21:38,17580.05,17586.75,50,17589,100,0,62350
NIFTY-III.NFO,03/01/2022,09:21:39,17583.4,17585,100,17588.95,200,200,62350
NIFTY-III.NFO,03/01/2022,09:21:40,17583.4,17585.45,50,17589,100,0,62350
NIFTY-III.NFO,03/01/2022,09:21:41,17583.4,17585.45,150,17589,100,0,62350
NIFTY-III.NFO,03/01/2022,09:21:42,17583.4,17585.75,100,17589,100,0,62350
NIFTY-III.NFO,03/01/2022,09:21:43,17589,17584.85,50,17588,50,50,62350
NIFTY-III.NFO,03/01/2022,09:21:44,17583,17583,100,17587.95,200,50,62350
NIFTY-III.NFO,03/01/2022,09:21:45,17583,17583,100,17587.95,200,0,62350
NIFTY-III.NFO,03/01/2022,09:21:47,17583,17583,100,17587.65,200,0,62350
NIFTY-III.NFO,03/01/2022,09:21:48,17583,17583.1,50,17588,200,0,62350
NIFTY-III.NFO,03/01/2022,09:21:49,17583,17585,100,17586.85,200,0,62350
NIFTY-III.NFO,03/01/2022,09:21:50,17583,17585,100,17585.35,200,0,62350
NIFTY-III.NFO,03/01/2022,09:21:52,17585,17583.05,100,17585.4,200,100,62350
NIFTY-III.NFO,03/01/2022,09:21:53,17585,17583.05,100,17585.15,200,0,62350
NIFTY-III.NFO,03/01/2022,09:21:54,17585,17583.05,100,17584.5,200,0,62350
NIFTY-III.NFO,03/01/2022,09:21:56,17585,17583.05,100,17584.3,200,0,62350
NIFTY-III.NFO,03/01/2022,09:21:57,17585,17583.05,100,17585.35,200,0,62350
NIFTY-III.NFO,03/01/2022,09:21:57,17585,17583.05,100,17586.75,200,0,62350
NIFTY-III.NFO,03/01/2022,09:21:58,17585,17583.05,100,17586.5,200,0,62350
NIFTY-III.NFO,03/01/2022,09:22:00,17585,17583.05,100,17587.45,200,0,62350
NIFTY-III.NFO,03/01/2022,09:22:01,17585,17583.1,50,17587.9,200,0,62350
NIFTY-III.NFO,03/01/2022,09:22:02,17585,17583.05,100,17587.9,200,0,62350
NIFTY-III.NFO,03/01/2022,09:22:03,17585,17583.1,50,17587.9,200,0,62350
NIFTY-III.NFO,03/01/2022,09:22:04,17585,17583.1,50,17586.9,200,0,62350
NIFTY-III.NFO,03/01/2022,09:22:05,17585,17583.1,50,17584.95,200,0,62350
NIFTY-III.NFO,03/01/2022,09:22:06,17585,17583.05,100,17584.95,200,0,62350
NIFTY-III.NFO,03/01/2022,09:22:07,17585,17583.1,50,17585,550,0,62350
NIFTY-III.NFO,03/01/2022,09:22:08,17585,17583.1,50,17584.95,200,0,62350
NIFTY-III.NFO,03/01/2022,09:22:09,17583.05,17583.05,50,17584.95,200,50,62350
NIFTY-III.NFO,03/01/2022,09:22:10,17583.05,17583.1,50,17584.95,200,0,62350
NIFTY-III.NFO,03/01/2022,09:22:11,17583.05,17583.05,50,17584.95,200,0,62350
NIFTY-III.NFO,03/01/2022,09:22:12,17584.95,17583.05,50,17584.95,200,50,62350
NIFTY-III.NFO,03/01/2022,09:22:13,17584.95,17583.05,50,17584.6,200,0,62350
NIFTY-III.NFO,03/01/2022,09:22:14,17584.95,17583.05,50,17584.9,200,0,62350
NIFTY-III.NFO,03/01/2022,09:22:15,17584.95,17583.05,50,17584.1,200,0,62350
NIFTY-III.NFO,03/01/2022,09:22:17,17583.05,17582.05,250,17583.75,200,50,62350
NIFTY-III.NFO,03/01/2022,09:22:17,17583.05,17582.05,250,17582.95,100,0,62350
NIFTY-III.NFO,03/01/2022,09:22:18,17583.05,17582.05,250,17582.7,100,0,62350
NIFTY-III.NFO,03/01/2022,09:22:19,17583.05,17582.05,250,17583,150,0,62350
NIFTY-III.NFO,03/01/2022,09:22:20,17583.05,17582.05,250,17583.75,200,0,62350
NIFTY-III.NFO,03/01/2022,09:22:21,17583.05,17582.1,50,17584.95,200,0,62350
NIFTY-III.NFO,03/01/2022,09:22:22,17583.05,17583,250,17584.95,200,0,62350
NIFTY-III.NFO,03/01/2022,09:22:28,17583.05,17583,250,17583.4,100,0,62350
NIFTY-III.NFO,03/01/2022,09:22:29,17583.05,17583,250,17583.2,100,0,62350
NIFTY-III.NFO,03/01/2022,09:22:30,17583.05,17583.1,50,17584.75,200,0,62350
NIFTY-III.NFO,03/01/2022,09:22:31,17583.05,17583.1,50,17584.1,100,0,62350
NIFTY-III.NFO,03/01/2022,09:22:32,17583.05,17583.1,50,17584.3,100,0,62350
NIFTY-III.NFO,03/01/2022,09:22:33,17583,17580.05,50,17582.8,200,300,62350
NIFTY-III.NFO,03/01/2022,09:22:34,17583,17580.05,50,17582.1,200,0,62350
NIFTY-III.NFO,03/01/2022,09:22:35,17583,17580.05,50,17582.3,200,0,62350
NIFTY-III.NFO,03/01/2022,09:22:36,17583,17580.05,50,17583,200,0,62350
NIFTY-III.NFO,03/01/2022,09:22:38,17583,17580.05,50,17582.95,200,0,62350
NIFTY-III.NFO,03/01/2022,09:22:39,17583,17580.05,50,17582.6,200,0,62350
NIFTY-III.NFO,03/01/2022,09:22:40,17583,17580.05,50,17582.95,200,0,62350
NIFTY-III.NFO,03/01/2022,09:22:41,17583,17580.1,100,17582.95,200,0,62350
NIFTY-III.NFO,03/01/2022,09:22:42,17583,17580.15,50,17583,300,0,62350
NIFTY-III.NFO,03/01/2022,09:22:43,17583,17580.65,50,17583,100,0,62350
NIFTY-III.NFO,03/01/2022,09:22:45,17583,17580.75,50,17583,100,0,62350
NIFTY-III.NFO,03/01/2022,09:22:46,17583,17581.25,50,17583,100,0,62350
NIFTY-III.NFO,03/01/2022,09:22:47,17584,17581.8,150,17584.95,200,300,62350
NIFTY-III.NFO,03/01/2022,09:22:48,17584,17583.1,150,17585,550,0,62350
NIFTY-III.NFO,03/01/2022,09:22:49,17584,17583.1,200,17585,550,0,62350
NIFTY-III.NFO,03/01/2022,09:22:50,17584,17583.05,50,17584.95,200,0,62350
NIFTY-III.NFO,03/01/2022,09:22:52,17584,17583.05,50,17585,550,0,62350
NIFTY-III.NFO,03/01/2022,09:22:53,17584,17583.05,50,17584.95,200,0,62350
NIFTY-III.NFO,03/01/2022,09:22:54,17583.05,17581.35,150,17584.95,200,50,62350
NIFTY-III.NFO,03/01/2022,09:22:55,17583.05,17583.05,50,17584.65,200,0,62350
NIFTY-III.NFO,03/01/2022,09:22:56,17583.05,17583.35,150,17585,550,0,62350
NIFTY-III.NFO,03/01/2022,09:22:57,17583.05,17583.4,50,17584.95,200,0,62350
NIFTY-III.NFO,03/01/2022,09:22:58,17583.05,17583.6,150,17585,550,0,62350
NIFTY-III.NFO,03/01/2022,09:22:59,17585,17584.15,100,17589,50,550,62350
NIFTY-III.NFO,03/01/2022,09:23:00,17585,17583.65,100,17588.75,200,0,62350
NIFTY-III.NFO,03/01/2022,09:23:01,17585,17583.65,50,17588.95,200,0,62350
NIFTY-III.NFO,03/01/2022,09:23:02,17585,17583.05,50,17584,50,0,62350
NIFTY-III.NFO,03/01/2022,09:23:03,17584,17583.1,50,17588.95,200,50,62350
NIFTY-III.NFO,03/01/2022,09:23:04,17584,17583.05,50,17586.55,200,0,62350
NIFTY-III.NFO,03/01/2022,09:23:05,17584,17583.05,50,17587.6,200,0,62350
NIFTY-III.NFO,03/01/2022,09:23:06,17584,17583.05,50,17584.65,200,0,62350
NIFTY-III.NFO,03/01/2022,09:23:07,17584,17583.05,50,17587.6,200,0,62350
NIFTY-III.NFO,03/01/2022,09:23:08,17584,17583.05,50,17586.15,200,0,62350
NIFTY-III.NFO,03/01/2022,09:23:09,17584,17583.55,50,17588.65,200,0,62350
NIFTY-III.NFO,03/01/2022,09:23:10,17584,17583.7,50,17587.45,200,0,62350
NIFTY-III.NFO,03/01/2022,09:23:11,17584,17583.05,50,17586.8,200,0,62350
NIFTY-III.NFO,03/01/2022,09:23:12,17584,17585,50,17587.6,200,0,62350
NIFTY-III.NFO,03/01/2022,09:23:13,17584,17585,50,17586,200,0,62350
NIFTY-III.NFO,03/01/2022,09:23:14,17584,17585,50,17586.1,200,0,62350
NIFTY-III.NFO,03/01/2022,09:23:15,17584,17585,50,17585.45,200,0,62350
NIFTY-III.NFO,03/01/2022,09:23:16,17584,17585,50,17585.9,200,0,62350
NIFTY-III.NFO,03/01/2022,09:23:18,17585,17583.05,50,17584.95,200,50,63150
NIFTY-III.NFO,03/01/2022,09:23:19,17585,17583.05,50,17585,200,0,63150
NIFTY-III.NFO,03/01/2022,09:23:20,17585,17583.05,50,17585.65,200,0,63150
NIFTY-III.NFO,03/01/2022,09:23:22,17585,17583.05,50,17584.4,200,0,63150
NIFTY-III.NFO,03/01/2022,09:23:23,17585,17583.05,50,17584.55,200,0,63150
NIFTY-III.NFO,03/01/2022,09:23:24,17585,17583.05,50,17584.05,200,0,63150
NIFTY-III.NFO,03/01/2022,09:23:25,17585,17583.05,50,17583.85,200,0,63150
NIFTY-III.NFO,03/01/2022,09:23:26,17583.05,17580.05,50,17583.35,200,50,63150
NIFTY-III.NFO,03/01/2022,09:23:27,17583.05,17580.1,50,17583.3,200,0,63150
NIFTY-III.NFO,03/01/2022,09:23:27,17583.05,17580.05,50,17583.25,200,0,63150
NIFTY-III.NFO,03/01/2022,09:23:28,17583.05,17580.1,50,17584,200,0,63150
NIFTY-III.NFO,03/01/2022,09:23:29,17583.05,17580.05,50,17584,200,0,63150
NIFTY-III.NFO,03/01/2022,09:23:30,17583.05,17580.05,50,17583.55,200,0,63150
NIFTY-III.NFO,03/01/2022,09:23:31,17583.05,17580.05,50,17582.6,200,0,63150
NIFTY-III.NFO,03/01/2022,09:23:32,17583.05,17580.05,50,17581.85,100,0,63150
NIFTY-III.NFO,03/01/2022,09:23:33,17583.05,17580.05,50,17581.6,100,0,63150
NIFTY-III.NFO,03/01/2022,09:23:34,17583.05,17580.05,50,17581.2,100,0,63150
NIFTY-III.NFO,03/01/2022,09:23:35,17583.05,17580.05,50,17580.9,100,0,63150
NIFTY-III.NFO,03/01/2022,09:23:36,17583.05,17580.05,50,17580.8,100,0,63150
NIFTY-III.NFO,03/01/2022,09:23:38,17580.05,17579.5,50,17580.45,150,50,63150
NIFTY-III.NFO,03/01/2022,09:23:39,17580.05,17579.5,50,17581.2,200,0,63150
NIFTY-III.NFO,03/01/2022,09:23:40,17580.05,17579.5,50,17580.7,200,0,63150
NIFTY-III.NFO,03/01/2022,09:23:41,17580.05,17579.5,50,17581.75,150,0,63150
NIFTY-III.NFO,03/01/2022,09:23:42,17580.05,17579.5,50,17582.25,200,0,63150
NIFTY-III.NFO,03/01/2022,09:23:43,17580.05,17579.5,50,17583.35,200,0,63150
NIFTY-III.NFO,03/01/2022,09:23:44,17580.05,17579.5,50,17583.7,200,0,63150
NIFTY-III.NFO,03/01/2022,09:23:45,17580.05,17579.55,50,17584.75,200,0,63150
NIFTY-III.NFO,03/01/2022,09:23:46,17580.05,17580.65,200,17586.15,200,0,63150
NIFTY-III.NFO,03/01/2022,09:23:47,17580.05,17580.95,50,17586.65,200,0,63150
NIFTY-III.NFO,03/01/2022,09:23:48,17580.05,17581.15,150,17586.05,200,0,63150
NIFTY-III.NFO,03/01/2022,09:23:49,17580.05,17580.5,150,17585.8,200,0,63150
NIFTY-III.NFO,03/01/2022,09:23:50,17580.05,17580.35,50,17585.9,200,0,63150
NIFTY-III.NFO,03/01/2022,09:23:51,17580.05,17580.85,150,17586.2,200,0,63150
NIFTY-III.NFO,03/01/2022,09:23:52,17580.05,17581,50,17584.95,200,0,63150
NIFTY-III.NFO,03/01/2022,09:23:53,17580.05,17579.5,50,17584.2,200,0,63150
NIFTY-III.NFO,03/01/2022,09:23:54,17580.05,17579.55,100,17583.75,200,0,63150
NIFTY-III.NFO,03/01/2022,09:23:55,17580.05,17579.65,100,17583.5,200,0,63150
NIFTY-III.NFO,03/01/2022,09:23:56,17580.05,17579.5,50,17584.05,200,0,63150
NIFTY-III.NFO,03/01/2022,09:23:57,17580.05,17579.6,150,17584.1,200,0,63150
NIFTY-III.NFO,03/01/2022,09:23:59,17580.05,17579.95,150,17584,150,0,63150
NIFTY-III.NFO,03/01/2022,09:24:00,17579.8,17579.6,150,17583.7,200,100,63150
NIFTY-III.NFO,03/01/2022,09:24:01,17579.8,17579.65,50,17582.75,200,0,63150
NIFTY-III.NFO,03/01/2022,09:24:02,17579.8,17579.75,100,17582.45,150,0,63150
NIFTY-III.NFO,03/01/2022,09:24:03,17579.8,17579.9,150,17582.2,150,0,63150
NIFTY-III.NFO,03/01/2022,09:24:04,17579.8,17581.05,250,17582.65,150,0,63150
NIFTY-III.NFO,03/01/2022,09:24:05,17579.8,17581.1,50,17582.4,150,0,63150
NIFTY-III.NFO,03/01/2022,09:24:07,17579.8,17581.1,50,17583.35,150,0,63150
NIFTY-III.NFO,03/01/2022,09:24:08,17579.8,17581.1,50,17583,150,0,63150
NIFTY-III.NFO,03/01/2022,09:24:11,17579.8,17581.1,50,17583.05,150,0,63150
NIFTY-III.NFO,03/01/2022,09:24:12,17583,17580.15,150,17582.85,50,250,63150
NIFTY-III.NFO,03/01/2022,09:24:13,17583,17580,100,17581.1,50,0,63150
NIFTY-III.NFO,03/01/2022,09:24:14,17577,17574.7,100,17579.35,200,200,63150
NIFTY-III.NFO,03/01/2022,09:24:15,17577,17575.55,50,17578.55,200,0,63150
NIFTY-III.NFO,03/01/2022,09:24:16,17578.6,17575.65,50,17577.95,100,250,63150
NIFTY-III.NFO,03/01/2022,09:24:17,17578.6,17575.65,50,17578.15,100,0,63150
NIFTY-III.NFO,03/01/2022,09:24:18,17578.6,17575.65,50,17577.85,100,0,63150
NIFTY-III.NFO,03/01/2022,09:24:19,17578.6,17575.65,50,17577.35,100,0,63150
NIFTY-III.NFO,03/01/2022,09:24:20,17578.6,17575.65,50,17577.7,100,0,63150
NIFTY-III.NFO,03/01/2022,09:24:21,17578.6,17575.65,50,17578.5,100,0,63150
NIFTY-III.NFO,03/01/2022,09:24:22,17578.6,17575.7,200,17578.5,100,0,63150
NIFTY-III.NFO,03/01/2022,09:24:23,17578.6,17575.75,50,17578.8,100,0,63150
NIFTY-III.NFO,03/01/2022,09:24:24,17578.6,17575.75,50,17578.55,100,0,63150
NIFTY-III.NFO,03/01/2022,09:24:25,17578.6,17573.45,200,17576.75,100,0,63150
NIFTY-III.NFO,03/01/2022,09:24:26,17578.6,17573.65,200,17576.85,100,0,63150
NIFTY-III.NFO,03/01/2022,09:24:27,17578.6,17573.65,200,17577.95,200,0,63150
NIFTY-III.NFO,03/01/2022,09:24:28,17578.6,17573.65,200,17578.65,100,0,63150
NIFTY-III.NFO,03/01/2022,09:24:29,17578.6,17573.65,200,17577.75,100,0,63150
NIFTY-III.NFO,03/01/2022,09:24:30,17578.6,17572.6,200,17577.85,100,0,63150
NIFTY-III.NFO,03/01/2022,09:24:31,17572.7,17572.7,200,17577.8,150,50,63150
NIFTY-III.NFO,03/01/2022,09:24:32,17572.7,17575.05,250,17577.6,150,0,63150
NIFTY-III.NFO,03/01/2022,09:24:33,17572.7,17575.1,200,17579.1,150,0,63150
NIFTY-III.NFO,03/01/2022,09:24:34,17572.7,17575.05,250,17577.7,150,0,63150
NIFTY-III.NFO,03/01/2022,09:24:35,17572.7,17575.05,250,17576.95,150,0,63150
NIFTY-III.NFO,03/01/2022,09:24:36,17572.7,17575.05,250,17577.05,100,0,63150
NIFTY-III.NFO,03/01/2022,09:24:37,17572.7,17575.05,250,17576.75,100,0,63150
NIFTY-III.NFO,03/01/2022,09:24:38,17572.7,17575.05,250,17576.65,100,0,63150
NIFTY-III.NFO,03/01/2022,09:24:39,17575.05,17575.05,200,17575.6,100,50,63150
NIFTY-III.NFO,03/01/2022,09:24:40,17576.15,17572.7,50,17575.2,300,200,63150
NIFTY-III.NFO,03/01/2022,09:24:41,17576.15,17572.7,50,17575.3,100,0,63150
NIFTY-III.NFO,03/01/2022,09:24:42,17576.15,17572.7,50,17574.7,200,0,63150
NIFTY-III.NFO,03/01/2022,09:24:43,17576.15,17572.7,50,17574.65,200,0,63150
NIFTY-III.NFO,03/01/2022,09:24:44,17576.15,17572.7,50,17574.45,100,0,63150
NIFTY-III.NFO,03/01/2022,09:24:45,17576.15,17572.7,50,17574.25,200,0,63150
NIFTY-III.NFO,03/01/2022,09:24:46,17574.65,17572.7,50,17574.75,100,250,63150
NIFTY-III.NFO,03/01/2022,09:24:47,17572.7,17572,50,17573.85,150,50,63150
NIFTY-III.NFO,03/01/2022,09:24:47,17572.7,17572,50,17573.55,150,0,63150
NIFTY-III.NFO,03/01/2022,09:24:48,17572.7,17572,50,17573.3,150,0,63150
NIFTY-III.NFO,03/01/2022,09:24:49,17572.7,17572,50,17572.55,50,0,63150
NIFTY-III.NFO,03/01/2022,09:24:50,17571,17570,300,17571,150,100,63150
NIFTY-III.NFO,03/01/2022,09:24:51,17571,17570,300,17570.3,150,0,63150
NIFTY-III.NFO,03/01/2022,09:24:52,17571,17570,300,17570.45,150,0,63150
NIFTY-III.NFO,03/01/2022,09:24:53,17570,17570,150,17570.9,50,150,63150
NIFTY-III.NFO,03/01/2022,09:24:54,17570,17565.05,200,17570.1,100,150,63150
NIFTY-III.NFO,03/01/2022,09:24:55,17570,17565.2,200,17569.6,100,0,63150
NIFTY-III.NFO,03/01/2022,09:24:56,17570,17565.35,200,17569.5,100,0,63150
NIFTY-III.NFO,03/01/2022,09:24:57,17570,17565.35,200,17569.8,100,0,63150
NIFTY-III.NFO,03/01/2022,09:24:58,17570,17565.75,200,17571.65,100,0,63150
NIFTY-III.NFO,03/01/2022,09:24:59,17570,17565.6,200,17569.8,100,0,63150
NIFTY-III.NFO,03/01/2022,09:25:00,17570,17565.5,200,17570.35,100,0,63150
NIFTY-III.NFO,03/01/2022,09:25:01,17570,17566.65,200,17571.45,100,0,63150
NIFTY-III.NFO,03/01/2022,09:25:02,17570,17566.95,200,17572.3,150,0,63150
NIFTY-III.NFO,03/01/2022,09:25:03,17570,17567.35,200,17572.65,150,0,63150
NIFTY-III.NFO,03/01/2022,09:25:04,17570,17567.05,200,17571.25,150,0,63150
NIFTY-III.NFO,03/01/2022,09:25:05,17570,17567.6,200,17574,250,0,63150
NIFTY-III.NFO,03/01/2022,09:25:06,17570,17568.1,200,17574.15,100,0,63150
NIFTY-III.NFO,03/01/2022,09:25:07,17570,17568.4,200,17574.4,100,0,63150
NIFTY-III.NFO,03/01/2022,09:25:08,17570,17570.05,200,17574.9,250,0,63150
NIFTY-III.NFO,03/01/2022,09:25:09,17570,17570.05,200,17576.15,250,0,63150
NIFTY-III.NFO,03/01/2022,09:25:10,17570,17570.05,200,17575.5,100,0,63150
NIFTY-III.NFO,03/01/2022,09:25:11,17570,17571,200,17576.45,100,0,63150
NIFTY-III.NFO,03/01/2022,09:25:12,17570,17571.55,200,17577.4,100,0,63150
NIFTY-III.NFO,03/01/2022,09:25:13,17570,17571.6,200,17578,100,0,63150
NIFTY-III.NFO,03/01/2022,09:25:14,17570,17573.85,200,17575.05,50,0,63150
NIFTY-III.NFO,03/01/2022,09:25:15,17575.05,17574.75,200,17579.95,100,50,63150
NIFTY-III.NFO,03/01/2022,09:25:16,17575.05,17576.05,350,17580,50,0,63150
NIFTY-III.NFO,03/01/2022,09:25:18,17575.05,17574.85,200,17579.1,100,0,63150
NIFTY-III.NFO,03/01/2022,09:25:19,17575.05,17573.65,200,17579.1,100,0,63150
NIFTY-III.NFO,03/01/2022,09:25:20,17575.05,17572,200,17575.05,50,0,63150
NIFTY-III.NFO,03/01/2022,09:25:21,17575.05,17572.85,200,17575.05,50,0,63150
NIFTY-III.NFO,03/01/2022,09:25:22,17575.05,17573.5,200,17575.05,50,0,63150
NIFTY-III.NFO,03/01/2022,09:25:23,17575.05,17572.95,200,17575.05,50,0,63150
NIFTY-III.NFO,03/01/2022,09:25:24,17575.05,17574.1,200,17575.05,50,0,63150
NIFTY-III.NFO,03/01/2022,09:25:25,17575.05,17571.2,200,17575.05,50,0,63150
NIFTY-III.NFO,03/01/2022,09:25:26,17575.05,17572.25,350,17575.05,100,0,63150
NIFTY-III.NFO,03/01/2022,09:25:27,17575.05,17572.1,200,17575.05,100,0,63150
NIFTY-III.NFO,03/01/2022,09:25:28,17575.05,17570.7,200,17575,100,0,63150
NIFTY-III.NFO,03/01/2022,09:25:29,17575.05,17570.05,200,17573.95,150,0,63150
NIFTY-III.NFO,03/01/2022,09:25:30,17575.05,17570.05,200,17573.75,100,0,63150
NIFTY-III.NFO,03/01/2022,09:25:31,17575.05,17572.05,250,17574.9,100,0,63150
NIFTY-III.NFO,03/01/2022,09:25:32,17575.05,17572.05,250,17574.6,100,0,63150
NIFTY-III.NFO,03/01/2022,09:25:33,17575.05,17572.05,250,17574.15,100,0,63150
NIFTY-III.NFO,03/01/2022,09:25:34,17575.05,17573.75,50,17574.05,100,0,63150
NIFTY-III.NFO,03/01/2022,09:25:35,17573.75,17572.05,250,17573.05,150,50,63150
NIFTY-III.NFO,03/01/2022,09:25:36,17573.75,17572.05,250,17573.05,50,0,63150
NIFTY-III.NFO,03/01/2022,09:25:37,17573.75,17572.05,250,17572.3,50,0,63150
NIFTY-III.NFO,03/01/2022,09:25:38,17573.75,17572.05,250,17572.95,50,0,63150
NIFTY-III.NFO,03/01/2022,09:25:39,17572.05,17572.05,50,17572.2,100,200,63150
NIFTY-III.NFO,03/01/2022,09:25:40,17572.05,17572.05,50,17572.15,100,0,63150
NIFTY-III.NFO,03/01/2022,09:25:41,17572.05,17570,50,17571.6,100,50,63150
NIFTY-III.NFO,03/01/2022,09:25:42,17572.05,17570,50,17572,100,0,63150
NIFTY-III.NFO,03/01/2022,09:25:43,17572.05,17570,50,17571.45,200,0,63150
NIFTY-III.NFO,03/01/2022,09:25:44,17572.05,17570,50,17571.95,200,0,63150
NIFTY-III.NFO,03/01/2022,09:25:45,17572.05,17570,50,17571.8,100,0,63150
NIFTY-III.NFO,03/01/2022,09:25:46,17571.9,17570,50,17571.7,50,250,63150
NIFTY-III.NFO,03/01/2022,09:25:47,17571.9,17570,50,17571.65,50,0,63150
NIFTY-III.NFO,03/01/2022,09:25:48,17571.9,17570,50,17573.6,50,0,63150
NIFTY-III.NFO,03/01/2022,09:25:49,17571.9,17570.25,200,17573.9,50,0,63150
NIFTY-III.NFO,03/01/2022,09:25:50,17571.9,17570.05,200,17575,50,0,63150
NIFTY-III.NFO,03/01/2022,09:25:51,17571.9,17570,50,17573.15,50,0,63150
NIFTY-III.NFO,03/01/2022,09:25:52,17571.9,17570.05,200,17574.25,50,0,63150
NIFTY-III.NFO,03/01/2022,09:25:53,17571.9,17570.05,200,17574.1,50,0,63150
NIFTY-III.NFO,03/01/2022,09:25:54,17571.9,17570,50,17573.55,50,0,63150
NIFTY-III.NFO,03/01/2022,09:25:55,17571.9,17570,50,17572.45,50,0,63150
NIFTY-III.NFO,03/01/2022,09:25:56,17571.9,17570,50,17572.85,50,0,63150
NIFTY-III.NFO,03/01/2022,09:25:57,17571.9,17570,50,17572.1,50,0,63150
NIFTY-III.NFO,03/01/2022,09:25:58,17571.9,17570,50,17572.6,50,0,63150
NIFTY-III.NFO,03/01/2022,09:26:00,17571.9,17570.05,200,17573.45,50,0,63150
NIFTY-III.NFO,03/01/2022,09:26:01,17571.9,17568.6,200,17574.4,50,0,63150
NIFTY-III.NFO,03/01/2022,09:26:02,17571.9,17570.05,200,17574.25,50,0,63150
NIFTY-III.NFO,03/01/2022,09:26:03,17571.9,17569.8,200,17574.2,50,0,63150
NIFTY-III.NFO,03/01/2022,09:26:04,17571.9,17567.15,200,17573.35,50,0,63150
NIFTY-III.NFO,03/01/2022,09:26:05,17571.9,17569.55,200,17573.3,50,0,63150
NIFTY-III.NFO,03/01/2022,09:26:06,17571.9,17569.7,200,17573.3,50,0,63150
NIFTY-III.NFO,03/01/2022,09:26:07,17571.9,17567.8,200,17573.65,50,0,63150
NIFTY-III.NFO,03/01/2022,09:26:08,17571.9,17569.35,200,17574.5,50,0,63150
NIFTY-III.NFO,03/01/2022,09:26:08,17571.9,17568.25,200,17574.5,50,0,63150
NIFTY-III.NFO,03/01/2022,09:26:09,17571.9,17570.6,200,17574.5,50,0,63150
NIFTY-III.NFO,03/01/2022,09:26:10,17571.9,17568.1,200,17574.45,50,0,63150
NIFTY-III.NFO,03/01/2022,09:26:12,17571.9,17569.25,200,17574.1,50,0,63150
NIFTY-III.NFO,03/01/2022,09:26:13,17571.9,17570.85,200,17575,50,0,63150
NIFTY-III.NFO,03/01/2022,09:26:14,17571.9,17567.4,200,17573.75,50,0,63150
NIFTY-III.NFO,03/01/2022,09:26:15,17571.9,17566,200,17572.45,50,0,63150
NIFTY-III.NFO,03/01/2022,09:26:16,17571.9,17565.5,200,17571,50,0,63150
NIFTY-III.NFO,03/01/2022,09:26:17,17571.9,17567.7,200,17571,50,0,63150
NIFTY-III.NFO,03/01/2022,09:26:18,17571.9,17567.25,200,17571,50,0,63150
NIFTY-III.NFO,03/01/2022,09:26:19,17571.9,17565.5,200,17571,50,0,63150
NIFTY-III.NFO,03/01/2022,09:26:20,17571.9,17568.2,200,17571,50,0,63150
NIFTY-III.NFO,03/01/2022,09:26:21,17571.9,17566.35,200,17571,50,0,63150
NIFTY-III.NFO,03/01/2022,09:26:22,17571.9,17567.2,200,17570.95,50,0,63150
NIFTY-III.NFO,03/01/2022,09:26:23,17571.9,17567.4,200,17571,50,0,63150
NIFTY-III.NFO,03/01/2022,09:26:24,17571.9,17565.35,200,17571,50,0,63150
NIFTY-III.NFO,03/01/2022,09:26:24,17571.9,17566.45,200,17571,50,0,63150
NIFTY-III.NFO,03/01/2022,09:26:26,17571.9,17565.45,200,17570.95,50,0,63150
NIFTY-III.NFO,03/01/2022,09:26:27,17571.9,17567,200,17570.95,50,0,63150
NIFTY-III.NFO,03/01/2022,09:26:28,17571.9,17565.1,200,17570.95,50,0,63150
NIFTY-III.NFO,03/01/2022,09:26:29,17571.9,17565.7,200,17570.95,50,0,63150
NIFTY-III.NFO,03/01/2022,09:26:30,17571.9,17565.9,200,17570.95,50,0,63150
NIFTY-III.NFO,03/01/2022,09:26:31,17571.9,17565.1,200,17570.95,50,0,63150
NIFTY-III.NFO,03/01/2022,09:26:32,17571.9,17566.65,200,17571,50,0,63150
NIFTY-III.NFO,03/01/2022,09:26:33,17571.9,17566.4,200,17571,50,0,63150
NIFTY-III.NFO,03/01/2022,09:26:34,17567.1,17566.15,200,17571,50,250,64600
NIFTY-III.NFO,03/01/2022,09:26:35,17571.9,17571.9,700,17572.05,150,300,64600
NIFTY-III.NFO,03/01/2022,09:26:36,17571.9,17571.95,200,17572.55,50,0,64600
NIFTY-III.NFO,03/01/2022,09:26:37,17571.9,17571.9,700,17572.95,150,0,64600
NIFTY-III.NFO,03/01/2022,09:26:38,17571.9,17571.9,400,17573,50,300,64600
NIFTY-III.NFO,03/01/2022,09:26:39,17571.9,17571.9,400,17572.85,150,0,64600
NIFTY-III.NFO,03/01/2022,09:26:40,17571.9,17571.9,400,17572.3,50,0,64600
NIFTY-III.NFO,03/01/2022,09:26:41,17571.9,17571.9,400,17571.95,150,0,64600
NIFTY-III.NFO,03/01/2022,09:26:42,17571.9,17571.9,400,17573.05,150,0,64600
NIFTY-III.NFO,03/01/2022,09:26:43,17571.9,17571.95,200,17574.8,50,0,64600
NIFTY-III.NFO,03/01/2022,09:26:44,17571.9,17571.9,400,17574.9,50,0,64600
NIFTY-III.NFO,03/01/2022,09:26:45,17571.9,17571.95,200,17575.05,100,0,64600
NIFTY-III.NFO,03/01/2022,09:26:46,17571.9,17571.95,200,17575,50,0,64600
NIFTY-III.NFO,03/01/2022,09:26:47,17571.9,17571.95,200,17575.05,100,0,64600
NIFTY-III.NFO,03/01/2022,09:26:48,17571.9,17571.9,400,17575,50,0,64600
NIFTY-III.NFO,03/01/2022,09:26:49,17571.9,17571.9,400,17574.9,150,0,64600
NIFTY-III.NFO,03/01/2022,09:26:50,17571.9,17571.9,400,17575,50,0,64600
NIFTY-III.NFO,03/01/2022,09:26:51,17571.9,17571.9,400,17574,50,0,64600
NIFTY-III.NFO,03/01/2022,09:26:52,17571.9,17571.9,400,17573.9,50,0,64600
NIFTY-III.NFO,03/01/2022,09:26:54,17571.9,17571.9,400,17573.85,50,0,64600
NIFTY-III.NFO,03/01/2022,09:26:56,17571.9,17571.9,400,17573.75,50,0,64600
NIFTY-III.NFO,03/01/2022,09:26:58,17571.9,17571.95,200,17573.75,50,0,64600
NIFTY-III.NFO,03/01/2022,09:26:59,17574.9,17569.75,200,17574.5,50,400,64600
NIFTY-III.NFO,03/01/2022,09:27:00,17568.1,17571.9,50,17574,200,250,64600
NIFTY-III.NFO,03/01/2022,09:27:01,17568.1,17571.9,50,17574.95,200,0,64600
NIFTY-III.NFO,03/01/2022,09:27:03,17568.1,17571.95,150,17574.95,200,0,64600
NIFTY-III.NFO,03/01/2022,09:27:04,17568.1,17571.9,50,17574.95,200,0,64600
NIFTY-III.NFO,03/01/2022,09:27:05,17568.1,17573.75,50,17575,250,0,64600
NIFTY-III.NFO,03/01/2022,09:27:07,17568.1,17573.75,50,17574.95,200,0,64600
NIFTY-III.NFO,03/01/2022,09:27:08,17568.1,17573.75,50,17575,250,0,64600
NIFTY-III.NFO,03/01/2022,09:27:13,17568.1,17573.75,50,17574.95,200,0,64600
NIFTY-III.NFO,03/01/2022,09:27:14,17574.95,17573.75,50,17574.95,100,100,64600
NIFTY-III.NFO,03/01/2022,09:27:15,17574.95,17573.75,50,17574.95,100,0,64600
NIFTY-III.NFO,03/01/2022,09:27:17,17574.95,17573.75,50,17575,250,0,64600
NIFTY-III.NFO,03/01/2022,09:27:21,17574.95,17573.75,50,17575,300,0,64600
NIFTY-III.NFO,03/01/2022,09:27:23,17574.95,17573.8,150,17575,300,0,64600
NIFTY-III.NFO,03/01/2022,09:27:24,17574.95,17573.95,150,17575,300,0,64600
NIFTY-III.NFO,03/01/2022,09:27:25,17574.95,17574.3,150,17575,300,0,64600
NIFTY-III.NFO,03/01/2022,09:27:27,17575.05,17575.3,200,17577.65,50,400,64600
NIFTY-III.NFO,03/01/2022,09:27:28,17575.7,17575.55,400,17577.6,100,50,64600
NIFTY-III.NFO,03/01/2022,09:27:29,17575.7,17576.5,400,17579,50,0,64600
NIFTY-III.NFO,03/01/2022,09:27:30,17575.7,17575.9,200,17579,50,0,64600
NIFTY-III.NFO,03/01/2022,09:27:31,17575.7,17576.85,400,17579,50,0,64600
NIFTY-III.NFO,03/01/2022,09:27:32,17575.7,17577.35,200,17580,100,0,64600
NIFTY-III.NFO,03/01/2022,09:27:33,17575.7,17576.9,200,17580,100,0,64600
NIFTY-III.NFO,03/01/2022,09:27:34,17575.7,17577.35,200,17580,100,0,64600
NIFTY-III.NFO,03/01/2022,09:27:35,17575.7,17577.9,200,17580,100,0,64600
NIFTY-III.NFO,03/01/2022,09:27:36,17575.7,17578.15,400,17580,100,0,64600
NIFTY-III.NFO,03/01/2022,09:27:37,17581,17581,150,17584.7,200,200,64600
NIFTY-III.NFO,03/01/2022,09:27:38,17581,17581,150,17584.75,200,0,64600
NIFTY-III.NFO,03/01/2022,09:27:39,17581,17581,150,17584.65,200,0,64600
NIFTY-III.NFO,03/01/2022,09:27:40,17581,17581,150,17584.15,150,0,64600
NIFTY-III.NFO,03/01/2022,09:27:41,17581,17581,150,17583.6,50,0,64600
NIFTY-III.NFO,03/01/2022,09:27:42,17581,17580.95,900,17582.85,50,0,64600
NIFTY-III.NFO,03/01/2022,09:27:43,17581,17580.95,900,17582.25,150,0,64600
NIFTY-III.NFO,03/01/2022,09:27:44,17581,17581,150,17582.6,150,0,64600
NIFTY-III.NFO,03/01/2022,09:27:45,17583.15,17581,150,17583.35,150,50,64600
NIFTY-III.NFO,03/01/2022,09:27:46,17583.15,17581,150,17583.15,150,0,64600
NIFTY-III.NFO,03/01/2022,09:27:47,17583.15,17581,150,17583.9,150,0,64600
NIFTY-III.NFO,03/01/2022,09:27:48,17583.15,17581,150,17583.5,50,0,64600
NIFTY-III.NFO,03/01/2022,09:27:49,17583.15,17581.15,150,17583.5,50,0,64600
NIFTY-III.NFO,03/01/2022,09:27:50,17583.15,17581.15,150,17584.9,200,0,64600
NIFTY-III.NFO,03/01/2022,09:27:51,17585.95,17581.1,50,17585.05,50,900,64600
NIFTY-III.NFO,03/01/2022,09:27:52,17581.1,17575.15,200,17584,50,50,64600
NIFTY-III.NFO,03/01/2022,09:27:53,17581.1,17577.35,200,17583,100,0,64600
NIFTY-III.NFO,03/01/2022,09:27:54,17581.1,17575.9,200,17584.65,50,0,64600
NIFTY-III.NFO,03/01/2022,09:27:55,17581.1,17575.15,200,17584.5,50,0,64600
NIFTY-III.NFO,03/01/2022,09:27:56,17583.7,17577.65,200,17583.65,150,50,64600
NIFTY-III.NFO,03/01/2022,09:27:57,17583.7,17576.05,200,17581.6,100,0,64600
NIFTY-III.NFO,03/01/2022,09:27:58,17583.7,17576.3,200,17581.6,100,0,64600
NIFTY-III.NFO,03/01/2022,09:27:59,17583.7,17579.3,200,17581.6,100,0,64600
NIFTY-III.NFO,03/01/2022,09:28:00,17583.7,17576,200,17581.6,100,0,64600
NIFTY-III.NFO,03/01/2022,09:28:01,17583.7,17577.15,200,17581.6,100,0,64600
NIFTY-III.NFO,03/01/2022,09:28:02,17583.7,17576.2,200,17581.6,100,0,64600
NIFTY-III.NFO,03/01/2022,09:28:03,17583.7,17576.85,350,17581.6,100,0,64600
NIFTY-III.NFO,03/01/2022,09:28:04,17583.7,17579.9,200,17584.95,100,0,64600
NIFTY-III.NFO,03/01/2022,09:28:05,17583.7,17577.95,200,17585,50,0,64600
NIFTY-III.NFO,03/01/2022,09:28:06,17583.7,17578.6,200,17585,50,0,64600
NIFTY-III.NFO,03/01/2022,09:28:07,17583.7,17579.65,200,17585,50,0,64600
NIFTY-III.NFO,03/01/2022,09:28:08,17583.7,17580.55,200,17585,50,0,64600
NIFTY-III.NFO,03/01/2022,09:28:09,17583.7,17583.05,200,17585,50,0,64600
NIFTY-III.NFO,03/01/2022,09:28:10,17583.7,17579.55,200,17585,50,0,64600
NIFTY-III.NFO,03/01/2022,09:28:11,17583.7,17580.05,200,17585,50,0,64600
NIFTY-III.NFO,03/01/2022,09:28:12,17583.7,17580.9,200,17585,50,0,64600
NIFTY-III.NFO,03/01/2022,09:28:13,17583.7,17582.45,200,17585,50,0,64600
NIFTY-III.NFO,03/01/2022,09:28:14,17580.1,17581.1,200,17585,50,200,64600
NIFTY-III.NFO,03/01/2022,09:28:15,17585,17582.75,200,17587.25,200,50,64600
NIFTY-III.NFO,03/01/2022,09:28:16,17585,17582.75,200,17587.15,200,0,64600
NIFTY-III.NFO,03/01/2022,09:28:17,17585,17582.7,200,17586.3,200,0,64600
NIFTY-III.NFO,03/01/2022,09:28:18,17582.7,17582.75,100,17586.9,200,100,64600
NIFTY-III.NFO,03/01/2022,09:28:19,17581.9,17581.95,200,17587.95,200,150,64600
NIFTY-III.NFO,03/01/2022,09:28:20,17586.7,17586.7,1050,17587.95,150,50,64600
NIFTY-III.NFO,03/01/2022,09:28:21,17586.7,17586.7,1050,17587.95,150,0,64600
NIFTY-III.NFO,03/01/2022,09:28:22,17586.7,17586.7,1050,17588,50,0,64600
NIFTY-III.NFO,03/01/2022,09:28:27,17586.7,17586.7,1050,17587.95,250,0,64600
NIFTY-III.NFO,03/01/2022,09:28:28,17586.7,17586.7,1050,17587.95,150,0,64600
NIFTY-III.NFO,03/01/2022,09:28:29,17586.7,17586.7,1050,17588,50,0,64600
NIFTY-III.NFO,03/01/2022,09:28:33,17586.7,17586.7,1050,17587.95,50,0,64600
NIFTY-III.NFO,03/01/2022,09:28:34,17586.7,17586.7,1050,17587.9,200,0,64600
NIFTY-III.NFO,03/01/2022,09:28:35,17586.7,17586.7,950,17587.35,200,100,64600
NIFTY-III.NFO,03/01/2022,09:28:36,17586.7,17580.05,200,17586.1,50,950,64600
NIFTY-III.NFO,03/01/2022,09:28:37,17586.7,17581.15,200,17587.35,50,0,64600
NIFTY-III.NFO,03/01/2022,09:28:38,17586.7,17581.45,200,17587.85,250,0,64600
NIFTY-III.NFO,03/01/2022,09:28:39,17586.7,17580.45,200,17586.95,250,0,64600
NIFTY-III.NFO,03/01/2022,09:28:40,17586.7,17580.05,200,17586.6,50,0,64600
NIFTY-III.NFO,03/01/2022,09:28:41,17586.7,17581,150,17585.65,50,0,64600
NIFTY-III.NFO,03/01/2022,09:28:42,17586.7,17580.15,200,17584.7,50,0,64600
NIFTY-III.NFO,03/01/2022,09:28:43,17586.7,17580.25,200,17585.7,50,0,64600
NIFTY-III.NFO,03/01/2022,09:28:44,17586.7,17580.25,200,17585.7,250,0,64600
NIFTY-III.NFO,03/01/2022,09:28:45,17586.7,17580.05,150,17583.5,50,0,64600
NIFTY-III.NFO,03/01/2022,09:28:46,17586.7,17580,100,17584.05,50,0,64600
NIFTY-III.NFO,03/01/2022,09:28:47,17586.7,17581.05,250,17583.25,50,0,64600
NIFTY-III.NFO,03/01/2022,09:28:48,17586.7,17581.05,250,17582.6,250,0,64600
NIFTY-III.NFO,03/01/2022,09:28:49,17586.7,17581.05,250,17582.4,50,0,64600
NIFTY-III.NFO,03/01/2022,09:28:50,17586.7,17581.05,250,17583.4,50,0,64600
NIFTY-III.NFO,03/01/2022,09:28:52,17586.7,17581.05,250,17584.2,250,0,64600
NIFTY-III.NFO,03/01/2022,09:28:53,17586.7,17581.6,200,17585.9,50,0,64600
NIFTY-III.NFO,03/01/2022,09:28:54,17586.7,17581.1,200,17585.95,50,0,64600
NIFTY-III.NFO,03/01/2022,09:28:55,17586.7,17581.95,150,17585.95,50,0,64600
NIFTY-III.NFO,03/01/2022,09:28:56,17586.7,17581.2,200,17585.95,50,0,64600
NIFTY-III.NFO,03/01/2022,09:28:58,17586.7,17581.3,200,17585.95,50,0,64600
NIFTY-III.NFO,03/01/2022,09:28:59,17586.7,17581.4,200,17585.95,50,0,64600
NIFTY-III.NFO,03/01/2022,09:29:00,17586.7,17581.1,200,17585.95,50,0,64600
NIFTY-III.NFO,03/01/2022,09:29:01,17586.7,17580.45,200,17585.95,50,0,64600
NIFTY-III.NFO,03/01/2022,09:29:03,17586.7,17582.3,200,17585.95,50,0,64600
NIFTY-III.NFO,03/01/2022,09:29:04,17586.7,17582.8,200,17586,100,0,64600
NIFTY-III.NFO,03/01/2022,09:29:05,17583.6,17582.45,350,17586,100,50,64600
NIFTY-III.NFO,03/01/2022,09:29:06,17583.6,17584.35,50,17586,100,0,64600
NIFTY-III.NFO,03/01/2022,09:29:07,17583.6,17583.35,200,17586,100,0,64600
NIFTY-III.NFO,03/01/2022,09:29:08,17583.6,17583.75,200,17586,100,0,64600
NIFTY-III.NFO,03/01/2022,09:29:09,17583.6,17584,200,17586,100,0,64600
NIFTY-III.NFO,03/01/2022,09:29:10,17583.6,17584.4,200,17586,100,0,64600
NIFTY-III.NFO,03/01/2022,09:29:13,17583.6,17583.95,200,17586,100,0,64600
NIFTY-III.NFO,03/01/2022,09:29:14,17583.6,17584.65,200,17586,100,0,64600
NIFTY-III.NFO,03/01/2022,09:29:15,17583.6,17583.5,200,17586,100,0,64600
NIFTY-III.NFO,03/01/2022,09:29:16,17583.6,17582.5,350,17586,100,0,64600
NIFTY-III.NFO,03/01/2022,09:29:18,17583.6,17583.7,200,17586,100,0,64600
NIFTY-III.NFO,03/01/2022,09:29:19,17582.25,17582.4,100,17586,100,250,67150
NIFTY-III.NFO,03/01/2022,09:29:20,17582.25,17583.3,100,17586,100,0,67150
NIFTY-III.NFO,03/01/2022,09:29:21,17582.25,17583.2,100,17586,100,0,67150
NIFTY-III.NFO,03/01/2022,09:29:22,17582.25,17583.45,100,17586,100,0,67150
NIFTY-III.NFO,03/01/2022,09:29:23,17582.25,17582.5,100,17586,100,0,67150
NIFTY-III.NFO,03/01/2022,09:29:24,17582.25,17582.8,100,17586,100,0,67150
NIFTY-III.NFO,03/01/2022,09:29:25,17582.25,17581.45,100,17585.95,200,0,67150
NIFTY-III.NFO,03/01/2022,09:29:26,17581.55,17582,50,17586,100,50,67150
NIFTY-III.NFO,03/01/2022,09:29:27,17581.55,17581,50,17585.95,200,0,67150
NIFTY-III.NFO,03/01/2022,09:29:28,17581.55,17581.8,50,17586,100,0,67150
NIFTY-III.NFO,03/01/2022,09:29:29,17581.55,17582.4,50,17586,100,0,67150
NIFTY-III.NFO,03/01/2022,09:29:30,17581.55,17582.5,50,17586,100,0,67150
NIFTY-III.NFO,03/01/2022,09:29:31,17581.55,17582.6,50,17586,100,0,67150
NIFTY-III.NFO,03/01/2022,09:29:32,17581.55,17583,50,17586,100,0,67150
NIFTY-III.NFO,03/01/2022,09:29:33,17581.55,17583.5,50,17586,100,0,67150
NIFTY-III.NFO,03/01/2022,09:29:34,17581.55,17583.35,50,17586,100,0,67150
NIFTY-III.NFO,03/01/2022,09:29:35,17581.55,17583.05,50,17586,100,0,67150
NIFTY-III.NFO,03/01/2022,09:29:36,17581.55,17583.85,50,17586,100,0,67150
NIFTY-III.NFO,03/01/2022,09:29:37,17581.55,17583.45,50,17586,100,0,67150
NIFTY-III.NFO,03/01/2022,09:29:38,17581.55,17583.75,50,17586,100,0,67150
NIFTY-III.NFO,03/01/2022,09:29:39,17581.55,17582.7,50,17586,100,0,67150
NIFTY-III.NFO,03/01/2022,09:29:40,17586,17585.7,250,17588,50,100,67150
NIFTY-III.NFO,03/01/2022,09:29:41,17586,17586.15,50,17588,50,0,67150
NIFTY-III.NFO,03/01/2022,09:29:42,17586,17586.25,50,17588,50,0,67150
NIFTY-III.NFO,03/01/2022,09:29:43,17586,17585.8,50,17588,50,0,67150
NIFTY-III.NFO,03/01/2022,09:29:44,17586,17585.25,50,17588,50,0,67150
NIFTY-III.NFO,03/01/2022,09:29:45,17586,17584.9,50,17588,50,0,67150
NIFTY-III.NFO,03/01/2022,09:29:46,17586,17584.75,200,17588,50,0,67150
NIFTY-III.NFO,03/01/2022,09:29:47,17586,17583.6,50,17587.95,200,0,67150
NIFTY-III.NFO,03/01/2022,09:29:48,17586,17583.05,50,17587.95,200,0,67150
NIFTY-III.NFO,03/01/2022,09:29:49,17586,17583.45,50,17587.95,200,0,67150
NIFTY-III.NFO,03/01/2022,09:29:50,17586,17584.15,100,17588,50,0,67150
NIFTY-III.NFO,03/01/2022,09:29:51,17586,17584.1,50,17588,50,0,67150
NIFTY-III.NFO,03/01/2022,09:29:52,17586,17586.05,50,17588,50,0,67150
NIFTY-III.NFO,03/01/2022,09:29:53,17586,17586,150,17588,50,0,67150
NIFTY-III.NFO,03/01/2022,09:29:54,17586,17586.05,50,17588,50,0,67150
NIFTY-III.NFO,03/01/2022,09:30:02,17586,17587.55,50,17588,50,0,67150
NIFTY-III.NFO,03/01/2022,09:30:03,17586,17587.95,50,17588,50,0,67150
NIFTY-III.NFO,03/01/2022,09:30:04,17588,17588.85,50,17589,50,50,67150
NIFTY-III.NFO,03/01/2022,09:30:05,17588,17588.95,200,17589,50,0,67150
NIFTY-III.NFO,03/01/2022,09:30:06,17589,17589.5,50,17590,100,50,67150
NIFTY-III.NFO,03/01/2022,09:30:07,17590,17589.95,100,17590,50,50,67150
NIFTY-III.NFO,03/01/2022,09:30:08,17590,17590.05,200,17593.85,200,100,67150
NIFTY-III.NFO,03/01/2022,09:30:09,17590,17590.45,200,17593.9,100,0,67150
NIFTY-III.NFO,03/01/2022,09:30:10,17590,17590.6,200,17593.9,100,0,67150
NIFTY-III.NFO,03/01/2022,09:30:11,17590,17589.55,200,17593.85,200,0,67150
NIFTY-III.NFO,03/01/2022,09:30:12,17590,17589.55,50,17593.85,200,0,67150
NIFTY-III.NFO,03/01/2022,09:30:13,17590,17590.25,50,17593.9,100,0,67150
NIFTY-III.NFO,03/01/2022,09:30:14,17590,17590.65,50,17594,50,0,67150
NIFTY-III.NFO,03/01/2022,09:30:15,17590,17590.7,50,17594,50,0,67150
NIFTY-III.NFO,03/01/2022,09:30:16,17590,17589.75,50,17594,50,0,67150
NIFTY-III.NFO,03/01/2022,09:30:17,17590,17590,50,17594,50,0,67150
NIFTY-III.NFO,03/01/2022,09:30:19,17590,17590.4,200,17594,50,0,67150
NIFTY-III.NFO,03/01/2022,09:30:20,17590,17590.95,200,17594,50,0,67150
NIFTY-III.NFO,03/01/2022,09:30:21,17590,17590.85,50,17594,50,0,67150
NIFTY-III.NFO,03/01/2022,09:30:22,17590,17591,50,17594,50,0,67150
NIFTY-III.NFO,03/01/2022,09:30:23,17590,17591.1,200,17594,50,0,67150
NIFTY-III.NFO,03/01/2022,09:30:24,17590,17591.2,200,17594,50,0,67150
NIFTY-III.NFO,03/01/2022,09:30:25,17590,17590,50,17593.95,200,0,67150
NIFTY-III.NFO,03/01/2022,09:30:26,17590,17590,50,17593.6,200,0,67150
NIFTY-III.NFO,03/01/2022,09:30:27,17590,17590,50,17593.25,200,0,67150
NIFTY-III.NFO,03/01/2022,09:30:28,17590,17590,50,17592.5,400,0,67150
NIFTY-III.NFO,03/01/2022,09:30:29,17590,17590,100,17591.55,200,0,67150
NIFTY-III.NFO,03/01/2022,09:30:30,17590,17590,100,17591.9,200,0,67150
NIFTY-III.NFO,03/01/2022,09:30:31,17590,17590,100,17593.3,200,0,67150
NIFTY-III.NFO,03/01/2022,09:30:32,17590,17590,100,17591.8,400,0,67150
NIFTY-III.NFO,03/01/2022,09:30:33,17590,17590,100,17592.25,400,0,67150
NIFTY-III.NFO,03/01/2022,09:30:34,17590,17590,100,17591.5,200,0,67150
NIFTY-III.NFO,03/01/2022,09:30:35,17590,17586.85,200,17592.55,200,150,67150
NIFTY-III.NFO,03/01/2022,09:30:36,17590,17586.05,150,17592.55,200,0,67150
NIFTY-III.NFO,03/01/2022,09:30:37,17590,17587.95,200,17592.55,200,0,67150
NIFTY-III.NFO,03/01/2022,09:30:38,17590,17588.55,150,17592.6,100,0,67150
NIFTY-III.NFO,03/01/2022,09:30:39,17590,17589.9,150,17594,50,0,67150
NIFTY-III.NFO,03/01/2022,09:30:40,17590,17590.85,150,17594,50,0,67150
NIFTY-III.NFO,03/01/2022,09:30:41,17591,17590.5,50,17594,50,100,67150
NIFTY-III.NFO,03/01/2022,09:30:42,17591,17590.1,50,17594,50,0,67150
NIFTY-III.NFO,03/01/2022,09:30:43,17591,17589,150,17593.95,200,0,67150
NIFTY-III.NFO,03/01/2022,09:30:44,17591,17589,350,17594,50,0,67150
NIFTY-III.NFO,03/01/2022,09:30:45,17591,17588.8,50,17593.95,200,0,67150
NIFTY-III.NFO,03/01/2022,09:30:46,17591,17589.65,200,17594,50,0,67150
NIFTY-III.NFO,03/01/2022,09:30:47,17591,17590.6,150,17594,50,0,67150
NIFTY-III.NFO,03/01/2022,09:30:48,17591,17590.35,150,17594,50,0,67150
NIFTY-III.NFO,03/01/2022,09:30:49,17591,17588.65,150,17593.95,200,0,67150
NIFTY-III.NFO,03/01/2022,09:30:50,17591,17588.65,350,17593.95,200,0,67150
NIFTY-III.NFO,03/01/2022,09:30:51,17591,17589.7,150,17593.95,200,0,67150
NIFTY-III.NFO,03/01/2022,09:30:52,17591,17589.2,150,17593.95,200,0,67150
NIFTY-III.NFO,03/01/2022,09:30:53,17591,17588.7,50,17593.95,200,0,67150
NIFTY-III.NFO,03/01/2022,09:30:54,17591,17587.3,50,17593.95,200,0,67150
NIFTY-III.NFO,03/01/2022,09:30:55,17591,17588.25,50,17593.95,200,0,67150
NIFTY-III.NFO,03/01/2022,09:30:56,17591,17587.8,150,17592.95,200,0,67150
NIFTY-III.NFO,03/01/2022,09:30:57,17591,17588,150,17593.95,200,0,67150
NIFTY-III.NFO,03/01/2022,09:30:58,17587.65,17588.15,50,17593.95,200,250,67150
NIFTY-III.NFO,03/01/2022,09:30:59,17587.65,17588.5,50,17593.95,200,0,67150
NIFTY-III.NFO,03/01/2022,09:31:00,17587.65,17587.7,50,17593,200,0,67150
NIFTY-III.NFO,03/01/2022,09:31:01,17587.65,17587,50,17592.9,200,0,67150
NIFTY-III.NFO,03/01/2022,09:31:02,17587.65,17586.05,50,17588.8,50,0,67150
NIFTY-III.NFO,03/01/2022,09:31:03,17587.65,17585.9,50,17588.8,50,0,67150
NIFTY-III.NFO,03/01/2022,09:31:04,17587.65,17585.4,50,17587,50,0,67150
NIFTY-III.NFO,03/01/2022,09:31:05,17587.65,17585.1,50,17587,50,0,67150
NIFTY-III.NFO,03/01/2022,09:31:06,17587.65,17585,50,17587,50,0,67150
NIFTY-III.NFO,03/01/2022,09:31:08,17587.65,17585.65,50,17587,50,0,67150
NIFTY-III.NFO,03/01/2022,09:31:09,17587.65,17585.1,50,17587,50,0,67150
NIFTY-III.NFO,03/01/2022,09:31:10,17587.65,17585,50,17587,50,0,67150
NIFTY-III.NFO,03/01/2022,09:31:11,17585,17585.2,200,17587,50,50,67150
NIFTY-III.NFO,03/01/2022,09:31:12,17585,17584.5,250,17587,50,0,67150
NIFTY-III.NFO,03/01/2022,09:31:13,17587,17583.45,50,17589.15,200,50,67150
NIFTY-III.NFO,03/01/2022,09:31:14,17587,17582.6,250,17588.55,200,0,67150
NIFTY-III.NFO,03/01/2022,09:31:15,17587,17581.15,200,17587.05,200,0,67150
NIFTY-III.NFO,03/01/2022,09:31:16,17587,17580,50,17584.8,400,0,67150
NIFTY-III.NFO,03/01/2022,09:31:17,17587,17580,50,17583.7,200,0,67150
NIFTY-III.NFO,03/01/2022,09:31:18,17587,17580,50,17581.95,200,0,67150
NIFTY-III.NFO,03/01/2022,09:31:19,17587,17580,50,17583.2,200,0,67150
NIFTY-III.NFO,03/01/2022,09:31:20,17587,17580,50,17583.65,200,0,67150
NIFTY-III.NFO,03/01/2022,09:31:21,17587,17580,50,17583,200,0,67150
NIFTY-III.NFO,03/01/2022,09:31:22,17587,17580,50,17581.45,200,0,67150
NIFTY-III.NFO,03/01/2022,09:31:23,17580,17575.05,50,17580.5,200,50,67150
NIFTY-III.NFO,03/01/2022,09:31:24,17580,17575.05,50,17580.3,200,0,67150
NIFTY-III.NFO,03/01/2022,09:31:25,17580,17575,50,17578.35,200,0,67150
NIFTY-III.NFO,03/01/2022,09:31:26,17580,17575,50,17579.1,200,0,67150
NIFTY-III.NFO,03/01/2022,09:31:27,17580,17575,50,17578.35,200,0,67150
NIFTY-III.NFO,03/01/2022,09:31:28,17580,17575,50,17578.6,200,0,67150
NIFTY-III.NFO,03/01/2022,09:31:29,17580,17575.05,50,17578.95,200,0,67150
NIFTY-III.NFO,03/01/2022,09:31:31,17580,17575.05,50,17580,400,0,67150
NIFTY-III.NFO,03/01/2022,09:31:32,17580,17578.1,50,17582.05,200,0,67150
NIFTY-III.NFO,03/01/2022,09:31:33,17580,17578.1,50,17582.15,200,0,67150
NIFTY-III.NFO,03/01/2022,09:31:34,17580,17578.1,50,17582.5,200,0,67150
NIFTY-III.NFO,03/01/2022,09:31:35,17580,17578.1,50,17583.1,200,0,67150
NIFTY-III.NFO,03/01/2022,09:31:36,17580,17578.1,50,17582.4,200,0,67150
NIFTY-III.NFO,03/01/2022,09:31:37,17580,17578.1,50,17583.9,200,0,67150
NIFTY-III.NFO,03/01/2022,09:31:38,17580,17578.1,50,17584.7,200,0,67150
NIFTY-III.NFO,03/01/2022,09:31:39,17580,17580.15,50,17585.5,200,0,67150
NIFTY-III.NFO,03/01/2022,09:31:40,17580,17580.45,50,17586.15,200,0,67150
NIFTY-III.NFO,03/01/2022,09:31:41,17580,17580.6,250,17586.2,200,0,67150
NIFTY-III.NFO,03/01/2022,09:31:42,17580,17579.95,50,17585.45,200,0,67150
NIFTY-III.NFO,03/01/2022,09:31:43,17580,17579.85,50,17585.7,200,0,67150
NIFTY-III.NFO,03/01/2022,09:31:44,17580,17583.2,50,17587,50,0,67150
NIFTY-III.NFO,03/01/2022,09:31:45,17580,17582.9,50,17586.95,200,0,67150
NIFTY-III.NFO,03/01/2022,09:31:46,17580,17582.95,250,17586.95,200,0,67150
NIFTY-III.NFO,03/01/2022,09:31:47,17580,17581.3,50,17586.95,200,0,67150
NIFTY-III.NFO,03/01/2022,09:31:48,17580,17582.95,50,17587,50,0,67150
NIFTY-III.NFO,03/01/2022,09:31:49,17580,17583.5,50,17587,50,0,67150
NIFTY-III.NFO,03/01/2022,09:31:50,17580,17583.3,50,17587,50,0,67150
NIFTY-III.NFO,03/01/2022,09:31:51,17580,17584.65,250,17587,50,0,67150
NIFTY-III.NFO,03/01/2022,09:31:52,17580,17583.9,50,17587,50,0,67150
NIFTY-III.NFO,03/01/2022,09:31:53,17580,17583.3,50,17587,50,0,67150
NIFTY-III.NFO,03/01/2022,09:31:54,17580,17583.15,50,17587,50,0,67150
NIFTY-III.NFO,03/01/2022,09:31:55,17580,17581.65,50,17585.95,200,0,67150
NIFTY-III.NFO,03/01/2022,09:31:56,17580,17580.35,50,17585.95,200,0,67150
NIFTY-III.NFO,03/01/2022,09:31:57,17580,17580.05,50,17585.95,200,0,67150
NIFTY-III.NFO,03/01/2022,09:31:58,17580,17581.2,50,17585.95,200,0,67150
NIFTY-III.NFO,03/01/2022,09:31:59,17580,17582,50,17586,50,0,67150
NIFTY-III.NFO,03/01/2022,09:32:00,17580,17579.55,50,17585.55,200,0,67150
NIFTY-III.NFO,03/01/2022,09:32:01,17580,17579.7,50,17584.35,200,0,67150
NIFTY-III.NFO,03/01/2022,09:32:02,17580,17578.75,50,17584.25,200,0,67150
NIFTY-III.NFO,03/01/2022,09:32:03,17580,17579.1,50,17584,200,0,67150
NIFTY-III.NFO,03/01/2022,09:32:04,17580,17580.1,50,17585.5,200,0,67150
NIFTY-III.NFO,03/01/2022,09:32:05,17580,17581.55,50,17585.5,200,0,67150
NIFTY-III.NFO,03/01/2022,09:32:06,17580,17581.55,50,17585.7,200,0,67150
NIFTY-III.NFO,03/01/2022,09:32:07,17580,17581.45,50,17585.35,200,0,67150
NIFTY-III.NFO,03/01/2022,09:32:08,17580,17578.1,50,17584.4,200,0,67150
NIFTY-III.NFO,03/01/2022,09:32:09,17580,17579.75,50,17584.6,200,0,67150
NIFTY-III.NFO,03/01/2022,09:32:10,17580,17579.8,50,17584.15,200,0,67150
NIFTY-III.NFO,03/01/2022,09:32:11,17580,17578.8,150,17584.65,200,0,67150
NIFTY-III.NFO,03/01/2022,09:32:12,17580,17579.55,50,17584.4,200,0,67150
NIFTY-III.NFO,03/01/2022,09:32:13,17580,17579.95,50,17585.6,200,0,67150
NIFTY-III.NFO,03/01/2022,09:32:14,17580,17579.6,50,17584.8,200,0,67150
NIFTY-III.NFO,03/01/2022,09:32:16,17580,17578.65,50,17583.75,200,0,67150
NIFTY-III.NFO,03/01/2022,09:32:17,17580,17579.55,50,17584.25,200,0,67150
NIFTY-III.NFO,03/01/2022,09:32:18,17580,17578.45,50,17583.65,200,0,67150
NIFTY-III.NFO,03/01/2022,09:32:19,17580,17578.9,50,17582.3,200,0,67150
NIFTY-III.NFO,03/01/2022,09:32:20,17580,17579.5,50,17583.7,200,0,67150
NIFTY-III.NFO,03/01/2022,09:32:21,17580,17579.75,50,17583.95,200,0,67150
NIFTY-III.NFO,03/01/2022,09:32:22,17580,17578.1,50,17583.8,200,0,67150
NIFTY-III.NFO,03/01/2022,09:32:23,17580,17579.2,50,17583.4,200,0,67150
NIFTY-III.NFO,03/01/2022,09:32:24,17580,17578.95,50,17583.5,200,0,67150
NIFTY-III.NFO,03/01/2022,09:32:25,17580,17578.85,50,17583.4,200,0,67150
NIFTY-III.NFO,03/01/2022,09:32:26,17580,17579.75,50,17583.8,200,0,67150
NIFTY-III.NFO,03/01/2022,09:32:27,17580,17580,50,17583.95,200,0,67150
NIFTY-III.NFO,03/01/2022,09:32:28,17580,17579.55,50,17583.5,200,0,67150
NIFTY-III.NFO,03/01/2022,09:32:29,17580,17578.1,50,17583.1,200,0,67150
NIFTY-III.NFO,03/01/2022,09:32:30,17580,17578.15,50,17582.8,200,0,67150
NIFTY-III.NFO,03/01/2022,09:32:31,17580,17578.1,50,17583.05,200,0,67150
NIFTY-III.NFO,03/01/2022,09:32:32,17580,17578.1,50,17582.75,200,0,67150
NIFTY-III.NFO,03/01/2022,09:32:33,17580,17578.1,50,17582.25,200,0,67150
NIFTY-III.NFO,03/01/2022,09:32:34,17580,17578.4,50,17582.3,200,0,67150
NIFTY-III.NFO,03/01/2022,09:32:35,17580,17578.1,50,17582.55,200,0,67150
NIFTY-III.NFO,03/01/2022,09:32:37,17580,17578.1,50,17581.8,200,0,67150
NIFTY-III.NFO,03/01/2022,09:32:38,17580,17578.1,50,17581.85,200,0,67150
NIFTY-III.NFO,03/01/2022,09:32:39,17580,17578.4,50,17583.8,200,0,67150
NIFTY-III.NFO,03/01/2022,09:32:40,17580,17578.05,250,17582.1,200,0,67150
NIFTY-III.NFO,03/01/2022,09:32:41,17581.75,17578.1,200,17581.9,150,200,67000
NIFTY-III.NFO,03/01/2022,09:32:42,17581.75,17578.05,250,17581.1,150,0,67000
NIFTY-III.NFO,03/01/2022,09:32:43,17580,17578.05,250,17581.2,150,50,67000
NIFTY-III.NFO,03/01/2022,09:32:43,17580,17578.05,250,17580.4,150,0,67000
NIFTY-III.NFO,03/01/2022,09:32:44,17580,17578.05,250,17581.5,150,0,67000
NIFTY-III.NFO,03/01/2022,09:32:45,17580,17578.05,250,17581.3,150,0,67000
NIFTY-III.NFO,03/01/2022,09:32:46,17580,17578.05,250,17580.7,150,0,67000
NIFTY-III.NFO,03/01/2022,09:32:47,17580,17578.05,250,17579.6,150,0,67000
NIFTY-III.NFO,03/01/2022,09:32:48,17580,17578.05,250,17579.65,150,0,67000
NIFTY-III.NFO,03/01/2022,09:32:49,17580,17578.05,250,17579.9,150,0,67000
NIFTY-III.NFO,03/01/2022,09:32:50,17580,17578.05,250,17580.25,150,0,67000
NIFTY-III.NFO,03/01/2022,09:32:51,17580,17578.05,250,17580.45,150,0,67000
NIFTY-III.NFO,03/01/2022,09:32:52,17580,17578.05,250,17580.5,150,0,67000
NIFTY-III.NFO,03/01/2022,09:32:54,17580,17578.05,250,17580.55,150,0,67000
NIFTY-III.NFO,03/01/2022,09:32:55,17580,17578.05,250,17580.7,150,0,67000
NIFTY-III.NFO,03/01/2022,09:32:57,17579.1,17578.05,250,17578.95,50,50,67000
NIFTY-III.NFO,03/01/2022,09:32:58,17579.1,17578.05,250,17578.35,50,0,67000
NIFTY-III.NFO,03/01/2022,09:32:59,17578.05,17576.05,250,17578.05,50,250,67000
NIFTY-III.NFO,03/01/2022,09:33:00,17578.05,17576.05,250,17578.15,50,0,67000
NIFTY-III.NFO,03/01/2022,09:33:01,17576.05,17576.05,150,17576.35,50,100,67000
NIFTY-III.NFO,03/01/2022,09:33:02,17570.55,17570.5,200,17575.85,100,250,67000
NIFTY-III.NFO,03/01/2022,09:33:03,17570.55,17571.5,200,17576.55,100,0,67000
NIFTY-III.NFO,03/01/2022,09:33:04,17570.55,17571.95,200,17577.8,100,0,67000
NIFTY-III.NFO,03/01/2022,09:33:05,17570.55,17573.75,200,17579.45,100,0,67000
NIFTY-III.NFO,03/01/2022,09:33:06,17570.55,17573.25,200,17578.75,100,0,67000
NIFTY-III.NFO,03/01/2022,09:33:07,17570.55,17572.25,200,17577.85,100,0,67000
NIFTY-III.NFO,03/01/2022,09:33:08,17570.55,17572.4,200,17577.9,100,0,67000
NIFTY-III.NFO,03/01/2022,09:33:09,17570.55,17572,200,17577.45,100,0,67000
NIFTY-III.NFO,03/01/2022,09:33:10,17570.55,17572.6,200,17577.6,100,0,67000
NIFTY-III.NFO,03/01/2022,09:33:11,17570.55,17572.4,200,17577.6,100,0,67000
NIFTY-III.NFO,03/01/2022,09:33:12,17570.55,17572.75,200,17578,100,0,67000
NIFTY-III.NFO,03/01/2022,09:33:13,17572.5,17572.75,200,17578.15,150,50,67000
NIFTY-III.NFO,03/01/2022,09:33:14,17572.5,17572,200,17576.9,150,0,67000
NIFTY-III.NFO,03/01/2022,09:33:15,17572.5,17572.95,200,17578.1,150,0,67000
NIFTY-III.NFO,03/01/2022,09:33:16,17582,17574.2,200,17579.75,50,900,67000
NIFTY-III.NFO,03/01/2022,09:33:17,17582,17575.05,200,17579.65,50,0,67000
NIFTY-III.NFO,03/01/2022,09:33:18,17582,17577.6,200,17581.45,200,0,67000
NIFTY-III.NFO,03/01/2022,09:33:19,17582,17577.65,200,17581.55,200,0,67000
NIFTY-III.NFO,03/01/2022,09:33:20,17582,17579.65,250,17581.4,200,0,67000
NIFTY-III.NFO,03/01/2022,09:33:21,17579.65,17574.75,200,17581.65,50,250,67000
NIFTY-III.NFO,03/01/2022,09:33:22,17579.65,17576.4,200,17580.6,200,0,67000
NIFTY-III.NFO,03/01/2022,09:33:23,17579.65,17576.35,200,17581.35,200,0,67000
NIFTY-III.NFO,03/01/2022,09:33:24,17579.65,17575.9,200,17580.9,200,0,67000
NIFTY-III.NFO,03/01/2022,09:33:26,17579.65,17575.5,200,17580.7,200,0,67000
NIFTY-III.NFO,03/01/2022,09:33:27,17579.65,17576.95,200,17581.95,200,0,67000
NIFTY-III.NFO,03/01/2022,09:33:28,17579.65,17580.9,250,17583,200,0,67000
NIFTY-III.NFO,03/01/2022,09:33:29,17579.65,17580.9,250,17582.2,200,0,67000
NIFTY-III.NFO,03/01/2022,09:33:30,17579.65,17580.9,250,17582.5,200,0,67000
NIFTY-III.NFO,03/01/2022,09:33:31,17579.65,17580.9,250,17582.25,200,0,67000
NIFTY-III.NFO,03/01/2022,09:33:32,17579.65,17580.9,250,17582.3,200,0,67000
NIFTY-III.NFO,03/01/2022,09:33:34,17580.9,17575.65,200,17581.3,100,250,67000
NIFTY-III.NFO,03/01/2022,09:33:35,17580.9,17576.15,200,17579.85,100,0,67000
NIFTY-III.NFO,03/01/2022,09:33:36,17580.9,17575.45,200,17579.2,100,0,67000
NIFTY-III.NFO,03/01/2022,09:33:37,17580.9,17574.95,200,17580.15,50,0,67000
NIFTY-III.NFO,03/01/2022,09:33:38,17580.75,17576.8,200,17580.8,50,50,67000
NIFTY-III.NFO,03/01/2022,09:33:39,17580.75,17575.85,200,17580.55,50,0,67000
NIFTY-III.NFO,03/01/2022,09:33:40,17580.75,17577.2,200,17581.6,50,0,67000
NIFTY-III.NFO,03/01/2022,09:33:41,17580.75,17575.9,200,17580.95,50,0,67000
NIFTY-III.NFO,03/01/2022,09:33:42,17580.75,17576.3,200,17581.35,50,0,67000
NIFTY-III.NFO,03/01/2022,09:33:43,17580.75,17576.7,200,17581.1,50,0,67000
NIFTY-III.NFO,03/01/2022,09:33:44,17580.75,17580,50,17581,50,0,67000
NIFTY-III.NFO,03/01/2022,09:33:45,17580,17577,200,17581.4,50,50,67000
NIFTY-III.NFO,03/01/2022,09:33:46,17580,17577.3,200,17581.25,50,0,67000
NIFTY-III.NFO,03/01/2022,09:33:47,17580,17577.3,200,17581.15,50,0,67000
NIFTY-III.NFO,03/01/2022,09:33:48,17580,17577.35,200,17581,50,0,67000
NIFTY-III.NFO,03/01/2022,09:33:49,17580,17577.05,200,17581.65,50,0,67000
NIFTY-III.NFO,03/01/2022,09:33:50,17580,17578.9,200,17582.95,50,0,67000
NIFTY-III.NFO,03/01/2022,09:33:51,17580,17576.9,200,17581.6,50,0,67000
NIFTY-III.NFO,03/01/2022,09:33:52,17580,17578.15,200,17582.2,50,0,67000
NIFTY-III.NFO,03/01/2022,09:33:53,17580,17578.15,150,17582.1,50,0,67000
NIFTY-III.NFO,03/01/2022,09:33:54,17580,17577.65,200,17581.75,50,0,67000
NIFTY-III.NFO,03/01/2022,09:33:55,17580,17577.5,200,17581.75,50,0,67000
NIFTY-III.NFO,03/01/2022,09:33:56,17580,17576.5,200,17580.6,150,0,67000
NIFTY-III.NFO,03/01/2022,09:33:57,17580,17575.3,200,17580.15,50,0,67000
NIFTY-III.NFO,03/01/2022,09:33:58,17580,17575.9,200,17580.2,50,0,67000
NIFTY-III.NFO,03/01/2022,09:33:59,17580,17576.75,200,17580.4,50,0,67000
NIFTY-III.NFO,03/01/2022,09:34:00,17580,17576.35,200,17580.4,100,0,67000
NIFTY-III.NFO,03/01/2022,09:34:01,17580,17573.95,200,17577.85,50,0,67000
NIFTY-III.NFO,03/01/2022,09:34:02,17580,17573.85,200,17577.85,50,0,67000
NIFTY-III.NFO,03/01/2022,09:34:03,17578.35,17573.05,200,17577.7,50,200,67000
NIFTY-III.NFO,03/01/2022,09:34:04,17578.35,17572,200,17576.5,50,0,67000
NIFTY-III.NFO,03/01/2022,09:34:05,17578.35,17571.85,200,17576.3,50,0,67000
NIFTY-III.NFO,03/01/2022,09:34:06,17578.35,17570.05,200,17574.65,50,0,67000
NIFTY-III.NFO,03/01/2022,09:34:07,17578.35,17570.8,200,17575.55,200,0,67000
NIFTY-III.NFO,03/01/2022,09:34:08,17578.35,17571.6,200,17575.65,50,0,67000
NIFTY-III.NFO,03/01/2022,09:34:09,17578.35,17571.8,200,17576.45,50,0,67000
NIFTY-III.NFO,03/01/2022,09:34:10,17578.35,17574.5,50,17577.8,50,0,67000
NIFTY-III.NFO,03/01/2022,09:34:11,17578.35,17572.65,200,17577,50,0,67000
NIFTY-III.NFO,03/01/2022,09:34:12,17578.35,17572.9,50,17576.55,50,0,67000
NIFTY-III.NFO,03/01/2022,09:34:13,17570,17572.7,50,17576.05,250,750,67000
NIFTY-III.NFO,03/01/2022,09:34:14,17570,17573.25,50,17576.75,200,0,67000
NIFTY-III.NFO,03/01/2022,09:34:15,17570,17571.55,50,17574.75,200,0,67000
NIFTY-III.NFO,03/01/2022,09:34:16,17570,17572.05,50,17575.45,200,0,67000
NIFTY-III.NFO,03/01/2022,09:34:17,17570,17573,50,17576.55,200,0,67000
NIFTY-III.NFO,03/01/2022,09:34:17,17570,17572.8,50,17577.2,200,0,67000
NIFTY-III.NFO,03/01/2022,09:34:18,17570,17572.6,50,17575.75,200,0,67000
NIFTY-III.NFO,03/01/2022,09:34:19,17570,17570.8,50,17576.05,200,0,67000
NIFTY-III.NFO,03/01/2022,09:34:20,17570,17572.25,50,17576.1,200,0,67000
NIFTY-III.NFO,03/01/2022,09:34:21,17570,17572.8,50,17576.5,200,0,67000
NIFTY-III.NFO,03/01/2022,09:34:22,17570,17572.45,50,17576.5,200,0,67000
NIFTY-III.NFO,03/01/2022,09:34:23,17570,17571.55,50,17575.3,200,0,67000
NIFTY-III.NFO,03/01/2022,09:34:24,17570,17571.1,50,17575.55,200,0,67000
NIFTY-III.NFO,03/01/2022,09:34:25,17570,17570.85,50,17574.95,350,0,67000
NIFTY-III.NFO,03/01/2022,09:34:26,17570,17571.55,50,17575.05,200,0,67000
NIFTY-III.NFO,03/01/2022,09:34:27,17570,17572.45,50,17576.35,200,0,67000
NIFTY-III.NFO,03/01/2022,09:34:28,17570,17572.6,50,17576.5,200,0,67000
NIFTY-III.NFO,03/01/2022,09:34:29,17570,17573,50,17576.8,200,0,67000
NIFTY-III.NFO,03/01/2022,09:34:30,17570,17572.35,50,17576.2,200,0,67000
NIFTY-III.NFO,03/01/2022,09:34:31,17570,17571.4,50,17575,200,0,67000
NIFTY-III.NFO,03/01/2022,09:34:32,17570,17571.2,50,17575.15,200,0,67000
NIFTY-III.NFO,03/01/2022,09:34:33,17570,17569.9,50,17573.6,200,0,67000
NIFTY-III.NFO,03/01/2022,09:34:34,17570,17569.4,50,17570,100,100,67000
NIFTY-III.NFO,03/01/2022,09:34:35,17570,17569.5,50,17570,100,0,67000
NIFTY-III.NFO,03/01/2022,09:34:36,17570,17569.45,50,17575.05,200,100,67000
NIFTY-III.NFO,03/01/2022,09:34:37,17570,17571.15,50,17575.6,200,0,67000
NIFTY-III.NFO,03/01/2022,09:34:38,17570,17570.95,50,17576.1,200,0,67000
NIFTY-III.NFO,03/01/2022,09:34:39,17570,17571,50,17576.95,200,0,67000
NIFTY-III.NFO,03/01/2022,09:34:40,17570,17570.7,50,17576.4,200,0,67000
NIFTY-III.NFO,03/01/2022,09:34:41,17570,17570.05,50,17575.3,200,0,67000
NIFTY-III.NFO,03/01/2022,09:34:42,17570,17571.35,50,17575.8,200,0,67000
NIFTY-III.NFO,03/01/2022,09:34:43,17570,17572.4,50,17576.65,200,0,67000
NIFTY-III.NFO,03/01/2022,09:34:44,17570,17573.35,50,17577.8,200,0,67000
NIFTY-III.NFO,03/01/2022,09:34:45,17570,17574,50,17578.3,200,0,67000
NIFTY-III.NFO,03/01/2022,09:34:46,17570,17573.3,50,17579.05,200,0,67000
NIFTY-III.NFO,03/01/2022,09:34:47,17570,17575.25,50,17579.65,200,0,67000
NIFTY-III.NFO,03/01/2022,09:34:48,17570,17575.15,50,17581,200,0,67000
NIFTY-III.NFO,03/01/2022,09:34:49,17570,17576,50,17581.2,200,0,67000
NIFTY-III.NFO,03/01/2022,09:34:50,17570,17578.1,50,17582.25,200,0,67000
NIFTY-III.NFO,03/01/2022,09:34:51,17570,17579.35,50,17583.05,200,0,67000
NIFTY-III.NFO,03/01/2022,09:34:52,17570,17575.8,50,17583,200,0,67000
NIFTY-III.NFO,03/01/2022,09:34:53,17570,17578.5,150,17581.95,200,0,67000
NIFTY-III.NFO,03/01/2022,09:34:54,17570,17576.1,50,17581.6,200,0,67000
NIFTY-III.NFO,03/01/2022,09:34:55,17570,17576.7,50,17582.85,200,0,67000
NIFTY-III.NFO,03/01/2022,09:34:56,17570,17579.35,50,17583.95,200,0,67000
NIFTY-III.NFO,03/01/2022,09:34:57,17570,17577.9,50,17583.65,200,0,67000
NIFTY-III.NFO,03/01/2022,09:34:58,17570,17577,50,17583.2,200,0,67000
NIFTY-III.NFO,03/01/2022,09:34:59,17570,17579.6,50,17584,200,0,67000
NIFTY-III.NFO,03/01/2022,09:35:00,17570,17579.3,50,17584.95,200,0,67000
NIFTY-III.NFO,03/01/2022,09:35:01,17570,17581.2,50,17584.95,200,0,67000
NIFTY-III.NFO,03/01/2022,09:35:02,17570,17581,150,17585,50,0,67000
NIFTY-III.NFO,03/01/2022,09:35:03,17570,17582.65,50,17585,50,0,67000
NIFTY-III.NFO,03/01/2022,09:35:04,17570,17582.05,50,17585,50,0,67000
NIFTY-III.NFO,03/01/2022,09:35:05,17570,17581.65,50,17585,50,0,67000
NIFTY-III.NFO,03/01/2022,09:35:07,17570,17581.2,150,17585,50,0,67000
NIFTY-III.NFO,03/01/2022,09:35:08,17570,17582.9,50,17585,50,0,67000
NIFTY-III.NFO,03/01/2022,09:35:09,17570,17584.6,50,17585,50,0,67000
NIFTY-III.NFO,03/01/2022,09:35:10,17570,17581.75,50,17585,50,0,67000
NIFTY-III.NFO,03/01/2022,09:35:11,17570,17580.65,50,17585,50,0,67000
NIFTY-III.NFO,03/01/2022,09:35:12,17585,17581.05,50,17587.6,200,50,67000
NIFTY-III.NFO,03/01/2022,09:35:13,17585,17583,50,17587.5,200,0,67000
NIFTY-III.NFO,03/01/2022,09:35:14,17585,17584.45,50,17587.55,100,0,67000
NIFTY-III.NFO,03/01/2022,09:35:15,17585,17583,50,17587.5,200,0,67000
NIFTY-III.NFO,03/01/2022,09:35:16,17585,17582.45,50,17587.5,200,0,67000
NIFTY-III.NFO,03/01/2022,09:35:18,17585,17580.2,50,17585.15,200,0,67000
NIFTY-III.NFO,03/01/2022,09:35:19,17585,17581.45,50,17586.45,200,0,67000
NIFTY-III.NFO,03/01/2022,09:35:20,17585,17581.25,50,17587,200,0,67000
NIFTY-III.NFO,03/01/2022,09:35:21,17585,17579.5,50,17584.3,200,0,67000
NIFTY-III.NFO,03/01/2022,09:35:22,17585,17579.55,50,17585.65,200,0,67000
NIFTY-III.NFO,03/01/2022,09:35:23,17580.55,17581.3,50,17586.7,200,50,68100
NIFTY-III.NFO,03/01/2022,09:35:24,17582.1,17581.8,100,17586.45,200,50,68100
NIFTY-III.NFO,03/01/2022,09:35:25,17582.1,17580.05,100,17586.15,200,0,68100
NIFTY-III.NFO,03/01/2022,09:35:26,17582.1,17581,150,17586.3,200,0,68100
NIFTY-III.NFO,03/01/2022,09:35:27,17582.1,17581.15,150,17586.5,200,0,68100
NIFTY-III.NFO,03/01/2022,09:35:28,17582.1,17581.65,100,17587.25,200,0,68100
NIFTY-III.NFO,03/01/2022,09:35:29,17582.1,17583.15,100,17588.25,200,0,68100
NIFTY-III.NFO,03/01/2022,09:35:30,17582.1,17582.5,100,17588.05,200,0,68100
NIFTY-III.NFO,03/01/2022,09:35:31,17582.1,17581.8,100,17586.7,200,0,68100
NIFTY-III.NFO,03/01/2022,09:35:32,17582.1,17582.7,100,17588.15,200,0,68100
NIFTY-III.NFO,03/01/2022,09:35:33,17582.1,17583,100,17587.2,200,0,68100
NIFTY-III.NFO,03/01/2022,09:35:34,17582.1,17582.85,150,17587.5,200,0,68100
NIFTY-III.NFO,03/01/2022,09:35:35,17582.1,17581.9,150,17588.6,250,0,68100
NIFTY-III.NFO,03/01/2022,09:35:36,17582.1,17582.95,100,17588.45,200,0,68100
NIFTY-III.NFO,03/01/2022,09:35:37,17582.1,17582.8,100,17588.25,200,0,68100
NIFTY-III.NFO,03/01/2022,09:35:38,17582.1,17582.85,100,17588.25,200,0,68100
NIFTY-III.NFO,03/01/2022,09:35:39,17582.1,17581.2,100,17586.95,200,0,68100
NIFTY-III.NFO,03/01/2022,09:35:40,17582.1,17581.2,100,17587.35,200,0,68100
NIFTY-III.NFO,03/01/2022,09:35:41,17582.1,17582,100,17586.8,200,0,68100
NIFTY-III.NFO,03/01/2022,09:35:42,17582.1,17583.2,100,17587.1,200,0,68100
NIFTY-III.NFO,03/01/2022,09:35:43,17582.1,17582.1,100,17587.55,200,0,68100
NIFTY-III.NFO,03/01/2022,09:35:44,17582.1,17582.3,100,17587.6,200,0,68100
NIFTY-III.NFO,03/01/2022,09:35:45,17582.1,17582.5,100,17586.45,150,0,68100
NIFTY-III.NFO,03/01/2022,09:35:46,17582.1,17582.15,150,17587.65,200,0,68100
NIFTY-III.NFO,03/01/2022,09:35:47,17582.1,17582.5,100,17587.35,200,0,68100
NIFTY-III.NFO,03/01/2022,09:35:48,17582.1,17583,100,17587.2,200,0,68100
NIFTY-III.NFO,03/01/2022,09:35:49,17582.1,17582.6,100,17586.35,150,0,68100
NIFTY-III.NFO,03/01/2022,09:35:50,17582.1,17583.25,100,17587.9,150,0,68100
NIFTY-III.NFO,03/01/2022,09:35:51,17582.1,17582.1,50,17586.4,200,0,68100
NIFTY-III.NFO,03/01/2022,09:35:52,17581.5,17582,100,17587.4,200,200,68100
NIFTY-III.NFO,03/01/2022,09:35:53,17581.5,17583.1,100,17588.3,200,0,68100
NIFTY-III.NFO,03/01/2022,09:35:54,17581.5,17583.25,100,17587.8,200,0,68100
NIFTY-III.NFO,03/01/2022,09:35:55,17581.5,17581.6,100,17586.9,200,0,68100
NIFTY-III.NFO,03/01/2022,09:35:56,17581.5,17580.25,100,17585.3,200,0,68100
NIFTY-III.NFO,03/01/2022,09:35:57,17581.5,17580.45,100,17585.7,200,0,68100
NIFTY-III.NFO,03/01/2022,09:35:58,17581.5,17581.75,100,17585.8,200,0,68100
NIFTY-III.NFO,03/01/2022,09:35:59,17581.5,17582.15,100,17586.45,200,0,68100
NIFTY-III.NFO,03/01/2022,09:36:00,17581.5,17582.45,100,17588,200,0,68100
NIFTY-III.NFO,03/01/2022,09:36:01,17581.5,17582.65,100,17587.1,200,0,68100
NIFTY-III.NFO,03/01/2022,09:36:02,17581.5,17582.15,100,17587.55,200,0,68100
NIFTY-III.NFO,03/01/2022,09:36:03,17581.5,17578.45,100,17586.55,200,0,68100
NIFTY-III.NFO,03/01/2022,09:36:04,17581.5,17580,150,17585.5,200,0,68100
NIFTY-III.NFO,03/01/2022,09:36:05,17581.5,17580.35,100,17585.45,200,0,68100
NIFTY-III.NFO,03/01/2022,09:36:06,17581.5,17580,50,17585.3,200,0,68100
NIFTY-III.NFO,03/01/2022,09:36:07,17581.5,17580.25,100,17584.7,200,0,68100
NIFTY-III.NFO,03/01/2022,09:36:08,17581.5,17580.2,100,17584.3,200,0,68100
NIFTY-III.NFO,03/01/2022,09:36:09,17581.5,17580.35,100,17584.65,200,0,68100
NIFTY-III.NFO,03/01/2022,09:36:10,17581.5,17580,50,17585.1,200,0,68100
NIFTY-III.NFO,03/01/2022,09:36:11,17581.5,17580.3,100,17585.15,200,0,68100
NIFTY-III.NFO,03/01/2022,09:36:12,17581.5,17580.65,100,17585.65,200,0,68100
NIFTY-III.NFO,03/01/2022,09:36:13,17581.5,17581.3,100,17586.55,200,0,68100
NIFTY-III.NFO,03/01/2022,09:36:14,17581.5,17581.4,100,17586.15,200,0,68100
NIFTY-III.NFO,03/01/2022,09:36:15,17581.5,17581.25,100,17586.4,200,0,68100
NIFTY-III.NFO,03/01/2022,09:36:16,17581.5,17582,100,17586.6,200,0,68100
NIFTY-III.NFO,03/01/2022,09:36:17,17581.5,17582.05,100,17586.6,200,0,68100
NIFTY-III.NFO,03/01/2022,09:36:18,17581.5,17581.45,100,17586.1,200,0,68100
NIFTY-III.NFO,03/01/2022,09:36:19,17581.5,17581.3,100,17586.4,200,0,68100
NIFTY-III.NFO,03/01/2022,09:36:20,17581.5,17581.75,200,17586.15,200,0,68100
NIFTY-III.NFO,03/01/2022,09:36:21,17581.5,17582.9,100,17587.95,200,0,68100
NIFTY-III.NFO,03/01/2022,09:36:22,17581.5,17582.05,100,17587.5,200,0,68100
NIFTY-III.NFO,03/01/2022,09:36:23,17581.5,17582.75,100,17587.85,200,0,68100
NIFTY-III.NFO,03/01/2022,09:36:24,17581.5,17581.95,100,17587.05,200,0,68100
NIFTY-III.NFO,03/01/2022,09:36:25,17581.5,17582.1,100,17587.45,200,0,68100
NIFTY-III.NFO,03/01/2022,09:36:26,17581.5,17583.15,100,17588.35,200,0,68100
NIFTY-III.NFO,03/01/2022,09:36:27,17581.5,17581.7,100,17586.85,200,0,68100
NIFTY-III.NFO,03/01/2022,09:36:28,17581.5,17581.25,100,17586.1,200,0,68100
NIFTY-III.NFO,03/01/2022,09:36:29,17581.5,17581.5,100,17586.85,200,0,68100
NIFTY-III.NFO,03/01/2022,09:36:30,17581.5,17582.75,100,17587.65,200,0,68100
NIFTY-III.NFO,03/01/2022,09:36:31,17581.5,17583.75,100,17587.95,200,0,68100
NIFTY-III.NFO,03/01/2022,09:36:32,17581.5,17583.2,100,17588.35,200,0,68100
NIFTY-III.NFO,03/01/2022,09:36:33,17581.5,17583.25,100,17588.15,200,0,68100
NIFTY-III.NFO,03/01/2022,09:36:34,17581.5,17581.95,100,17586.95,200,0,68100
NIFTY-III.NFO,03/01/2022,09:36:35,17581.5,17581.65,100,17587.05,200,0,68100
NIFTY-III.NFO,03/01/2022,09:36:36,17581.5,17582.6,100,17586.85,200,0,68100
NIFTY-III.NFO,03/01/2022,09:36:37,17581.5,17583.15,100,17586.85,200,0,68100
NIFTY-III.NFO,03/01/2022,09:36:38,17581.5,17583.55,100,17587.15,200,0,68100
NIFTY-III.NFO,03/01/2022,09:36:39,17581.5,17583.75,100,17587.6,200,0,68100
NIFTY-III.NFO,03/01/2022,09:36:40,17581.5,17583.5,100,17588.4,350,0,68100
NIFTY-III.NFO,03/01/2022,09:36:41,17581.5,17583.55,100,17587.55,200,0,68100
NIFTY-III.NFO,03/01/2022,09:36:42,17581.5,17583.75,100,17587.85,200,0,68100
NIFTY-III.NFO,03/01/2022,09:36:43,17581.5,17584.15,100,17588.55,200,0,68100
NIFTY-III.NFO,03/01/2022,09:36:44,17581.5,17584,100,17587.55,200,0,68100
NIFTY-III.NFO,03/01/2022,09:36:45,17581.5,17584.1,100,17587.9,200,0,68100
NIFTY-III.NFO,03/01/2022,09:36:46,17581.5,17583.65,100,17588.4,200,0,68100
NIFTY-III.NFO,03/01/2022,09:36:47,17581.5,17583.25,100,17587.8,200,0,68100
NIFTY-III.NFO,03/01/2022,09:36:48,17581.5,17581.95,100,17586.6,200,0,68100
NIFTY-III.NFO,03/01/2022,09:36:49,17581.5,17581.5,50,17587.35,200,0,68100
NIFTY-III.NFO,03/01/2022,09:36:50,17581.5,17581.5,150,17585.85,200,0,68100
NIFTY-III.NFO,03/01/2022,09:36:51,17581.5,17581.5,50,17586.05,200,0,68100
NIFTY-III.NFO,03/01/2022,09:36:52,17581.5,17581.5,50,17585.05,200,0,68100
NIFTY-III.NFO,03/01/2022,09:36:53,17581.5,17581.5,50,17586.7,200,0,68100
NIFTY-III.NFO,03/01/2022,09:36:54,17581.5,17581.5,50,17586.5,200,0,68100
NIFTY-III.NFO,03/01/2022,09:36:55,17581.5,17581.5,50,17586.65,200,0,68100
NIFTY-III.NFO,03/01/2022,09:36:56,17581.5,17581.5,50,17586.9,200,0,68100
NIFTY-III.NFO,03/01/2022,09:36:57,17581.5,17581.5,50,17586.35,200,0,68100
NIFTY-III.NFO,03/01/2022,09:36:58,17581.5,17581.5,50,17586.1,200,0,68100
NIFTY-III.NFO,03/01/2022,09:36:59,17581.5,17581.5,50,17585.45,200,0,68100
NIFTY-III.NFO,03/01/2022,09:37:00,17581.5,17581.5,50,17586.65,200,0,68100
NIFTY-III.NFO,03/01/2022,09:37:01,17581.5,17581.9,100,17587.05,200,0,68100
NIFTY-III.NFO,03/01/2022,09:37:02,17581.5,17581.5,50,17586.35,200,0,68100
NIFTY-III.NFO,03/01/2022,09:37:03,17581.5,17581.5,50,17586,200,0,68100
NIFTY-III.NFO,03/01/2022,09:37:04,17581.5,17581.5,50,17585.65,200,0,68100
NIFTY-III.NFO,03/01/2022,09:37:05,17581.5,17581.5,50,17585.25,200,0,68100
NIFTY-III.NFO,03/01/2022,09:37:06,17581.5,17581.5,50,17585.9,200,0,68100
NIFTY-III.NFO,03/01/2022,09:37:07,17581.5,17581.5,50,17586.95,200,0,68100
NIFTY-III.NFO,03/01/2022,09:37:08,17581.5,17581.95,100,17587.55,200,0,68100
NIFTY-III.NFO,03/01/2022,09:37:09,17581.5,17582.8,100,17589.15,200,0,68100
NIFTY-III.NFO,03/01/2022,09:37:10,17581.5,17582.3,100,17587.7,200,0,68100
NIFTY-III.NFO,03/01/2022,09:37:11,17581.5,17582,100,17587.45,200,0,68100
NIFTY-III.NFO,03/01/2022,09:37:12,17581.5,17582.4,100,17587.9,200,0,68100
NIFTY-III.NFO,03/01/2022,09:37:14,17581.5,17582,100,17587.6,200,0,68100
NIFTY-III.NFO,03/01/2022,09:37:15,17581.5,17581.5,50,17586,200,0,68100
NIFTY-III.NFO,03/01/2022,09:37:16,17581.5,17581.5,50,17586.9,200,0,68100
NIFTY-III.NFO,03/01/2022,09:37:16,17581.5,17581.6,100,17586.9,200,0,68100
NIFTY-III.NFO,03/01/2022,09:37:18,17581.5,17581.5,50,17586.95,200,0,68100
NIFTY-III.NFO,03/01/2022,09:37:19,17581.5,17581.5,50,17586.4,200,0,68100
NIFTY-III.NFO,03/01/2022,09:37:20,17581.5,17581.5,50,17586.6,200,0,68100
NIFTY-III.NFO,03/01/2022,09:37:21,17581.5,17582.65,100,17588.15,200,0,68100
NIFTY-III.NFO,03/01/2022,09:37:22,17581.5,17582.2,100,17587.6,200,0,68100
NIFTY-III.NFO,03/01/2022,09:37:23,17581.5,17582.95,100,17588.15,200,0,68100
NIFTY-III.NFO,03/01/2022,09:37:24,17581.5,17583,100,17588.2,200,0,68100
NIFTY-III.NFO,03/01/2022,09:37:25,17581.5,17583.35,100,17588.25,200,0,68100
NIFTY-III.NFO,03/01/2022,09:37:26,17581.5,17583.95,100,17588.4,200,0,68100
NIFTY-III.NFO,03/01/2022,09:37:27,17581.5,17584.2,100,17588.4,200,0,68100
NIFTY-III.NFO,03/01/2022,09:37:28,17581.5,17584.6,100,17589.85,200,0,68100
NIFTY-III.NFO,03/01/2022,09:37:29,17581.5,17583.5,100,17589.25,200,0,68100
NIFTY-III.NFO,03/01/2022,09:37:30,17581.5,17584.25,100,17589.35,200,0,68100
NIFTY-III.NFO,03/01/2022,09:37:31,17581.5,17583.85,100,17589.35,200,0,68100
NIFTY-III.NFO,03/01/2022,09:37:32,17581.5,17584.25,100,17589.35,200,0,68100
NIFTY-III.NFO,03/01/2022,09:37:33,17581.5,17584.15,100,17589.35,200,0,68100
NIFTY-III.NFO,03/01/2022,09:37:34,17581.5,17584.15,100,17589.45,200,0,68100
NIFTY-III.NFO,03/01/2022,09:37:35,17581.5,17583.1,100,17588.95,250,0,68100
NIFTY-III.NFO,03/01/2022,09:37:36,17581.5,17582.1,100,17587.4,200,0,68100
NIFTY-III.NFO,03/01/2022,09:37:37,17581.5,17582.35,100,17587.6,200,0,68100
NIFTY-III.NFO,03/01/2022,09:37:38,17581.5,17582,100,17587.25,200,0,68100
NIFTY-III.NFO,03/01/2022,09:37:39,17581.5,17582.85,100,17588.2,200,0,68100
NIFTY-III.NFO,03/01/2022,09:37:40,17581.5,17584.05,100,17589.6,200,0,68100
NIFTY-III.NFO,03/01/2022,09:37:41,17581.5,17584.2,100,17589.15,200,0,68100
NIFTY-III.NFO,03/01/2022,09:37:42,17581.5,17584.45,100,17589.8,200,0,68100
NIFTY-III.NFO,03/01/2022,09:37:43,17581.5,17584.6,100,17590.15,350,0,68100
NIFTY-III.NFO,03/01/2022,09:37:44,17581.5,17584.7,100,17590.2,200,0,68100
NIFTY-III.NFO,03/01/2022,09:37:45,17581.5,17585.15,100,17590.3,200,0,68100
NIFTY-III.NFO,03/01/2022,09:37:46,17581.5,17585.55,100,17590.85,200,0,68100
NIFTY-III.NFO,03/01/2022,09:37:47,17581.5,17585.8,100,17591.35,200,0,68100
NIFTY-III.NFO,03/01/2022,09:37:48,17581.5,17585.85,100,17591.35,200,0,68100
NIFTY-III.NFO,03/01/2022,09:37:49,17586.1,17586.1,50,17591.2,200,50,68100
NIFTY-III.NFO,03/01/2022,09:37:50,17586.1,17586.4,50,17591.75,250,0,68100
NIFTY-III.NFO,03/01/2022,09:37:51,17586.1,17586.2,50,17591.55,200,0,68100
NIFTY-III.NFO,03/01/2022,09:37:52,17586.1,17585.45,50,17591.1,200,0,68100
NIFTY-III.NFO,03/01/2022,09:37:53,17586.1,17586.3,150,17591.6,200,0,68100
NIFTY-III.NFO,03/01/2022,09:37:54,17586.1,17586.15,50,17591.35,200,0,68100
NIFTY-III.NFO,03/01/2022,09:37:55,17586.1,17586.15,50,17591.4,200,0,68100
NIFTY-III.NFO,03/01/2022,09:37:56,17586.1,17585.45,50,17591.05,200,0,68100
NIFTY-III.NFO,03/01/2022,09:37:57,17586.1,17585.55,50,17591,200,0,68100
NIFTY-III.NFO,03/01/2022,09:37:58,17586.1,17585.05,50,17590.85,200,0,68100
NIFTY-III.NFO,03/01/2022,09:37:59,17586.1,17584.8,50,17590.15,200,0,68100
NIFTY-III.NFO,03/01/2022,09:38:00,17586.1,17583.75,50,17589.05,200,0,68100
NIFTY-III.NFO,03/01/2022,09:38:01,17586.1,17584.3,50,17589.15,200,0,68100
NIFTY-III.NFO,03/01/2022,09:38:02,17586.1,17584.75,50,17589.15,200,0,68100
NIFTY-III.NFO,03/01/2022,09:38:03,17586.1,17585,50,17589.2,100,0,68100
NIFTY-III.NFO,03/01/2022,09:38:04,17586.1,17585.45,50,17589.15,200,0,68100
NIFTY-III.NFO,03/01/2022,09:38:05,17585.5,17585.5,50,17590.3,200,100,68100
NIFTY-III.NFO,03/01/2022,09:38:06,17585.5,17585.7,50,17590,200,0,68100
NIFTY-III.NFO,03/01/2022,09:38:07,17585.5,17586.3,50,17591,200,0,68100
NIFTY-III.NFO,03/01/2022,09:38:08,17585.5,17586.35,50,17591.25,200,0,68100
NIFTY-III.NFO,03/01/2022,09:38:09,17585.5,17586.9,50,17591.4,200,0,68100
NIFTY-III.NFO,03/01/2022,09:38:10,17586.9,17586.2,100,17591.4,200,50,68100
NIFTY-III.NFO,03/01/2022,09:38:11,17586.9,17586.3,100,17591.4,200,0,68100
NIFTY-III.NFO,03/01/2022,09:38:12,17586.9,17586.8,100,17592,200,0,68100
NIFTY-III.NFO,03/01/2022,09:38:13,17586.9,17587,100,17591.15,200,0,68100
NIFTY-III.NFO,03/01/2022,09:38:14,17587.15,17587.2,50,17591.15,200,50,68100
NIFTY-III.NFO,03/01/2022,09:38:15,17587.15,17586.9,50,17592.5,200,0,68100
NIFTY-III.NFO,03/01/2022,09:38:16,17587.15,17588,50,17591.95,200,0,68100
NIFTY-III.NFO,03/01/2022,09:38:18,17587.15,17586.95,50,17592.45,200,0,68100
NIFTY-III.NFO,03/01/2022,09:38:19,17587.15,17587.15,100,17592.5,200,0,68100
NIFTY-III.NFO,03/01/2022,09:38:20,17587.15,17586.75,50,17592.5,200,0,68100
NIFTY-III.NFO,03/01/2022,09:38:21,17587.15,17587.3,50,17592.5,200,0,68100
NIFTY-III.NFO,03/01/2022,09:38:22,17587.15,17586.45,100,17592.15,200,0,68100
NIFTY-III.NFO,03/01/2022,09:38:23,17587.15,17586.3,100,17591.8,200,0,68100
NIFTY-III.NFO,03/01/2022,09:38:24,17587.15,17586.4,100,17592.2,200,0,68100
NIFTY-III.NFO,03/01/2022,09:38:25,17587.15,17586.9,100,17592.5,200,0,68100
NIFTY-III.NFO,03/01/2022,09:38:26,17587.15,17586.05,100,17591.95,200,0,68100
NIFTY-III.NFO,03/01/2022,09:38:27,17587.15,17586.15,100,17592.1,200,0,68100
NIFTY-III.NFO,03/01/2022,09:38:28,17587.15,17586.4,100,17591.95,200,0,68100
NIFTY-III.NFO,03/01/2022,09:38:29,17587.15,17586.55,100,17591.95,200,0,68100
NIFTY-III.NFO,03/01/2022,09:38:30,17587.15,17586.55,100,17592,200,0,68100
NIFTY-III.NFO,03/01/2022,09:38:31,17587.15,17586.7,100,17589.9,100,0,68100
NIFTY-III.NFO,03/01/2022,09:38:32,17587.15,17586.25,100,17589.55,100,0,68100
NIFTY-III.NFO,03/01/2022,09:38:33,17587.15,17586.95,100,17589.55,100,0,68100
NIFTY-III.NFO,03/01/2022,09:38:34,17587.15,17587.05,100,17589.55,100,0,68100
NIFTY-III.NFO,03/01/2022,09:38:35,17587.15,17586.75,50,17590.15,100,0,68100
NIFTY-III.NFO,03/01/2022,09:38:36,17587.15,17586.75,100,17590.65,100,0,68100
NIFTY-III.NFO,03/01/2022,09:38:37,17587.15,17587.45,100,17590.65,100,0,68100
NIFTY-III.NFO,03/01/2022,09:38:38,17587.15,17587.65,100,17590.2,100,0,68100
NIFTY-III.NFO,03/01/2022,09:38:39,17588.15,17588.2,50,17592.1,200,50,68050
NIFTY-III.NFO,03/01/2022,09:38:40,17588.15,17588.1,50,17594.2,200,0,68050
NIFTY-III.NFO,03/01/2022,09:38:41,17588.15,17588.4,50,17592.2,150,0,68050
NIFTY-III.NFO,03/01/2022,09:38:42,17588.15,17588.7,50,17592.8,200,0,68050
NIFTY-III.NFO,03/01/2022,09:38:43,17588.15,17588.8,50,17593.35,200,0,68050
NIFTY-III.NFO,03/01/2022,09:38:44,17588.15,17589.15,50,17594.75,200,0,68050
NIFTY-III.NFO,03/01/2022,09:38:45,17588.15,17589.15,50,17593.9,200,0,68050
NIFTY-III.NFO,03/01/2022,09:38:46,17588.15,17588.4,50,17594.55,200,0,68050
NIFTY-III.NFO,03/01/2022,09:38:47,17588.15,17587.9,50,17593.95,200,0,68050
NIFTY-III.NFO,03/01/2022,09:38:48,17588.15,17587.15,50,17592.85,350,0,68050
NIFTY-III.NFO,03/01/2022,09:38:49,17588.15,17587.45,50,17592.85,350,0,68050
NIFTY-III.NFO,03/01/2022,09:38:50,17588.15,17587.25,50,17592.25,200,0,68050
NIFTY-III.NFO,03/01/2022,09:38:51,17588.15,17587.65,50,17593.2,200,0,68050
NIFTY-III.NFO,03/01/2022,09:38:52,17588.15,17587.8,50,17592.4,200,0,68050
NIFTY-III.NFO,03/01/2022,09:38:53,17588.15,17588.15,50,17594.05,200,0,68050
NIFTY-III.NFO,03/01/2022,09:38:54,17588.15,17588.05,50,17594.2,200,0,68050
NIFTY-III.NFO,03/01/2022,09:38:55,17588.15,17588.35,50,17593.05,200,0,68050
NIFTY-III.NFO,03/01/2022,09:38:56,17588.15,17588.7,50,17594.3,200,0,68050
NIFTY-III.NFO,03/01/2022,09:38:57,17588.15,17588.45,50,17594.2,200,0,68050
NIFTY-III.NFO,03/01/2022,09:38:58,17588.15,17588.45,50,17593.25,200,0,68050
NIFTY-III.NFO,03/01/2022,09:38:59,17588.15,17587.75,50,17593.25,200,0,68050
NIFTY-III.NFO,03/01/2022,09:39:00,17588.15,17587.9,50,17593.5,200,0,68050
NIFTY-III.NFO,03/01/2022,09:39:01,17588.15,17588.5,50,17594.4,200,0,68050
NIFTY-III.NFO,03/01/2022,09:39:02,17588.15,17589.4,50,17594.95,200,0,68050
NIFTY-III.NFO,03/01/2022,09:39:03,17588.15,17589.4,50,17593.9,200,0,68050
NIFTY-III.NFO,03/01/2022,09:39:04,17588.15,17588.55,50,17594.1,200,0,68050
NIFTY-III.NFO,03/01/2022,09:39:05,17588.15,17589,200,17593,200,0,68050
